1905 3330
183 169 308 233 504
599 168 984 248 Appendix
1029 169 1119 229 ad
1158 171 1225 230 P.
1259 173 1360 230 II.

290 309 590 378 ‘Magnitudo
645 322 696 359 et
760 321 940 361 statura
1003 314 1086 363 St.
1147 311 1539 380 fuscipedis.
1619 310 1797 378 Caput

193 383 392 432 thorace
429 380 602 442 latius,
640 383 869 447 nigrum,
911 384 1074 430 crebre
1110 396 1432 449 punctatum,
1487 385 1606 448 jugo
1643 383 1792 430 fron-

195 451 285 499 tali
321 450 615 516 plerumque
657 452 813 517 magis
851 469 996 514 quam
1034 453 1087 500 in
1124 452 1330 517 reliquis
1366 452 1589 512 elevato,
1627 453 1793 499 inter-

197 520 314 569 dum
356 520 738 569 sub-carinato.
807 519 955 585 Palpi
981 521 1263 588 ferruginei,
1301 524 1438 588 apice
1467 523 1620 583 susci3
1661 519 1794 570 oculi

196 591 434 649 maximi,
473 588 692 655 globosi,
729 591 1160 654 nigro—brunnei.
1232 591 1497 640 Antennae
1536 602 1621 639 aut
1658 590 1794 659 dilu‘.

196 661 298 707 tius
343 670 613 721 testaceae,
662 659 866 707 articulo
915 661 1074 725 primo
1111 663 1280 725 piceo,
1333 673 1418 709 aut
1459 661 1569 709 ruso
1605 662 1793 727 piceae,

198 730 306 776 basi
348 730 586 793 apiceque
642 730 956 793 nigricantes.
1051 730 1255 777 Thorax
1313 729 1581 777 latitudine
1643 728 1793 798 paulo

199 796 412 862 longior,
449 799 555 845 basi
578 799 818 863 apiceque
844 807 1114 858 truncatus,
1150 798 1382 847 lateribus
1416 800 1469 846 in
1506 800 1669 848 medio
1707 808 1799 848 ro—

198 867 762 933 tundato-ampliatus,
801 885 945 932 supra
983 870 1147 916 minus
1185 886 1462 927 convexus,
1499 868 1796 934 plerumque

198 936 401 986 foveola
437 955 537 983 una
587 937 800 985 alterave
838 939 1141 1001 impressus,
1192 939 1355 1003 niger,
1404 956 1576 1002 parum
1627 941 1798 1004 pube-

201 1024 362 1067 scens,
399 1006 656 1054 confertim
694 1018 978 1072 punctatus.
1035 1007 1208 1070 Elytra
1245 1008 1457 1055 thoracis
1495 1007 1657 1056 medio
1695 1027 1798 1057 non

199 1075 405 1136 latiora,
466 1094 559 1123 nec
599 1076 690 1124 illo
739 1075 992 1142 longiora,
1055 1078 1194 1141 apice
1247 1078 1545 1138 introrsum,
1599 1076 1801 1142 oblique

201 1156 454 1206 truncata,
510 1164 658 1211 supra
705 1146 880 1210 parum
931 1164 1186 1206 convexa,
1239 1148 1406 1212 nigra,
1455 1147 1713 1194 confertim
1751 1158 1803 1195 et

202 1226 278 1264 sat
326 1216 575 1280 profunde
625 1227 886 1280 punctata,
949 1215 1066 1281 pilis
1115 1218 1305 1281 parvis,
1369 1217 1610 1281 depressis
1654 1234 1801 1282 parce

202 1285 446 1350 adspersa.
521 1286 786 1334 Abdomen
830 1303 959 1349 pone
997 1285 1154 1349 elytra
1190 1285 1293 1333 illis
1329 1285 1444 1350 plus
1483 1286 1638 1351 duplo
1677 1286 1803 1334 lon-

203 1356 346 1420 gius,
387 1371 704 1408 convexum,
755 1355 978 1419 nigrum,
1031 1356 1273 1412 nitidum,
1328 1357 1494 1402 crebre
1532 1355 1804 1420 punctula÷

205 1435 332 1482 tum,
368 1422 605 1472 lateribus
637 1424 733 1471 late
770 1426 1359 1489 reflexo—marginatum.
1409 1424 1598 1490 Corpus
1625 1427 1803 1473 subtus

166 1526 177 1531 κ
207 1494 430 1558 nigrum,
470 1493 732 1561 confertim
770 1505 1079 1558 punctatum,
1118 1494 1318 1542 densius
1354 1495 1647 1559 pubescens.
1696 1493 1805 1541 Pe-

205 1562 293 1609 des
333 1561 639 1623 mediocres,
695 1573 781 1609 aut
829 1562 1036 1610 dilutius
1074 1564 1300 1622 testacei,
1353 1563 1595 1628 genicuiis
1633 1565 1805 1611 tibiis-a

208 1649 305 1696 que
332 1633 689 1697 posterioribus
713 1632 983 1696 infuscatis,
1007 1643 1091 1689 aut
1107 1634 1360 1682 obscurius
1384 1633 1805 1708 piceo-testacei.

220 1725 319 1779 15.
371 1724 428 1785 S,
479 1722 924 1799 suscipeslp.
959 1727 1112 1798 ²³78·

318 1809 441 1859 Obs.
492 1809 684 1875 Caput,
724 1810 904 1859 thorax
941 1822 992 1858 et
1027 1810 1181 1874 elytra
1221 1812 1356 1877 pube
1395 1810 1620 1859 densiore
1657 1812 1807 1858 cine—-

208 1896 286 1927 rea
324 1891 481 1938 tecta,
518 1880 656 1927 unde
693 1879 825 1929 color
861 1881 1026 1929 fuscus
1062 1893 1296 1945 apparet,
1336 1881 1512 1929 thorax
1551 1892 1806 1946 angustus,

210 1948 693 2014 sub-cylindricus,
745 1951 996 2015 aequalis,
1050 1952 1224 2016 jugum
1263 1953 1334 1999 sic
1373 1951 1564 1999 dictum
1604 1949 1812 1998 frontale

209 2030 294 2066 aut
332 2021 485 2085 magis
524 2018 804 2080 elevatum,
851 2032 937 2067 aut
990 2020 1303 2082 obsoletum3
1354 2021 1600 2068 abdomen
1638 2019 1812 2083 cylin-
1887 2035 1891 2042 ·

209 2088 430 2149 dricum,
478 2099 684 2154 anguste
738 2092 1098 2156 marginatumt,
1149 2090 1332 2137 femora
1371 2102 1455 2138 aut
1491 2091 1812 2138 rufo-testa-

209 2176 292 2204 cea
315 2196 325 2216 ‚
365 2169 452 2206 aut
487 2160 1011 2224 rufo—picea3-tibine
1048 2170 1133 2207 aut
1168 2160 1360 2221 fuscae,
1412 2171 1496 2208 aut
1534 2159 1810 2219 dilutiores,

209 2239 288 2275 utl
331 2239 465 2277 tarsi.

227 2328 298 2382 15
329 2343 367 2366 -‘-
408 2329 506 2381 14.
559 2326 617 2382 S.
668 2329 1016 2402 opticus:
1065 2328 1267 2400 niger,
1321 2326 1642 2397 obscurUS,
1695 2345 1813 2400 pa—

331 2440 467 2477 rum
502 2422 854 2495 pubescenS,
885 2421 1081 2477 fronte
1111 2422 1544 2478 obsoletissime
1569 2421 1626 2476 bi
1645 2453 1684 2461 -—
1703 2441 1812 2475 oa—

329 2516 680 2589 naliculata,
739 2516 985 2572 thorace
1048 2517 1322 2572 breviore
1372 2516 1658 2571 lateribus
1703 2535 1814 2570 ro-

332 2612 612 2682 tundato,
665 2612 931 2667 crebrius
976 2611 1612 2686 ruguloso—punctato
1634 2652 1649 2682 ,
1701 2610 1815 2666 ab—

314 2705 574 2771 domine
601 2710 848 2779 anguste
876 2708 1225 2779 marginata

305 2792 486 2850 Grau.
532 2796 806 2868 Monogr.
857 2795 1000 2852 251.
1051 2813 1143 2850 11.

299 2881 550 2937 Habitat
576 2885 636 2940 in
664 2886 1016 2959 graminosis
1031 2883 1292 2940 humidis
1311 2885 1561 2958 passim,
1589 2901 1622 2937 a
1640 2879 1820 2938 Dom.

385 2977 600 3039 Starm
641 2988 699 3034 et
721 2981 843 3055 jam
869 2981 1027 3038 idem
1042 2978 1151 3036 sub
1179 2977 1295 3036 hoc
1324 2979 1568 3040 nomine
1592 2978 1821 3033 missus,

1663 3061 1822 3110 Prae-
