1966 3330
633 166 1051 245 ,Elaplzrzcs.'
1194 151 1200 156 ⁸
1527 155 1651 247 597

48 318 239 386 primus
273 316 513 380 magnus,
546 328 766 373 crassus,
827 311 1077 362 secundus
1129 329 1316 380 parvus
1366 312 1650 363 ob-coni-

48 406 161 450 cus,
199 388 261 446 3,
297 387 358 444 4,
397 383 617 448 elongati
655 394 868 443 tenues,
906 393 992 431 aut
1034 386 1246 449 cuprei,
1287 395 1375 433 aut
1409 385 1517 433 basi
1552 385 1648 433 vi-

45 458 175 507 rides
214 455 352 520 apice
391 454 554 515 aureir,
590 452 770 516 reliqui
810 454 955 518 nigri.
1030 454 1237 502 Thorax
1283 455 1446 518 quoad
1502 466 1648 503 stru-

45 539 229 575 cturam
268 535 322 572 ut
357 524 409 570 in
452 523 629 587 priori,
666 540 813 587 supra
849 521 1205 572 confertissime
1243 523 1492 572 subtiliter
1528 543 1649 590 gra-

41 596 246 645 nulatus
284 604 332 661 et
368 595 787 658 sub-strigosus,
837 610 1385 659 purpureo-cupreus,
1434 595 1649 660 impres-

44 667 271 716 sionibus
317 665 606 711 transversis
657 664 786 710 intra
822 663 962 710 basin
1026 674 1078 711 et
1123 665 1344 726 apicem,
1383 665 1436 711 in
1489 665 1647 725 fundo

43 734 271 786 coeruleo
294 734 725 782 -virescentibus.
797 730 1073 781 scutellum
1110 731 1408 800 triangulare
1445 746 1648 783 acutum

41 822 380 874 purpureum,
417 803 578 850 antice
623 806 888 853 virescens.
960 802 1245 867 Elytrorum
1294 804 1450 851 forma
1502 806 1650 854 utin

41 876 223 944 priori,
263 891 408 939 supra
446 875 830 938 fusco-cuprea
868 891 1051 938 opaca,
1103 884 1267 920 sutura
1314 872 1510 922 elevata
1548 893 1649 922 cu—

40 964 159 1014 prea
197 946 383 1006 nitida3
423 944 682 992 confertim
722 954 772 991 et
799 943 956 991 multo
995 942 1228 992 subtilius
1257 960 1406 1006 quam
1444 946 1498 991 in
1533 946 1649 1010 pri-

43 1020 116 1066 ori
153 1013 432 1080 granulata,
473 1016 672 1078 punctis
707 1014 961 1078 impressis
1011 1014 1373 1061 virescentibus
1418 1014 1650 1077 irrorata3

39 1089 95 1137 in
147 1088 354 1133 humero
402 1085 623 1146 cujusvis
672 1083 816 1148 elytri
865 1081 1041 1130 lunula
1091 1082 1186 1130 lata
1234 1085 1371 1143 alba,
1437 1094 1487 1131 et
1552 1083 1650 1132 alia.

41 1155 290 1221 ejusmodi
326 1157 376 1202 in
411 1156 579 1219 apice3
627 1155 680 1202 in
721 1153 887 1202 medio
934 1152 1082 1201 fascia
1121 1152 1263 1213 alba,
1312 1164 1515 1201 externe
1563 1152 1650 1201 la-

42 1231 165 1289 tior,
201 1231 399 1273 'versus
467 1224 681 1273 medium
746 1224 870 1273 disci
925 1222 1325 1289 rectangulariter
1382 1235 1649 1272 retrorsum

41 1301 203 1358 flexa,
243 1298 414 1359 ibique
450 1296 733 1359 angustior,
763 1295 905 1343 xdein
955 1312 1130 1343 versus
1167 1305 1387 1342 suturam
1438 1295 1492 1342 in
1532 1312 1649 1341 ma·-

43 1368 205 1416 culam
242 1365 555 1414 rotundatam
593 1364 821 1427 dilatata,
872 1375 1091 1414 suturam
1127 1375 1294 1412 tamen
1333 1382 1435 1412 non
1487 1365 1650 1412 attin-

42 1455 181 1504 gens.
255 1436 446 1501 Corpus
473 1437 648 1484 subtus
677 1433 1232 1497 conulem-virescens,
1271 1431 1649 1496 nitidissimum,
1677 1443 1679 1450 ’

40 1509 202 1556 antice
239 1505 358 1573 pilis
395 1506 559 1569 longis
595 1506 766 1573 rigidis
803 1505 929 1556 albis
970 1517 1172 1558 tectum.
1244 1507 1405 1558 Pedes
1456 1508 1649 1559 viridi-

41 1579 206 1639 aurei,
244 1575 595 1641 albo—pilosi.

142 1649 258 1695 Var.
298 1648 358 1706 b,
397 1645 649 1695 simillima
685 1664 740 1707 a,
787 1647 874 1696 sed
910 1647 1176 1697 scutellum
1227 1647 1418 1713 viride,
1471 1667 1649 1717 parum

45 1719 421 1780 in-aauratum3
460 1715 616 1780 elytra
650 1717 859 1780 viridia,
899 1729 1065 1767 sutura
1101 1738 1261 1771 aurea.

44 1818 104 1875 5.
155 1817 220 1876 C.
268 1816 653 1890 sylvatica
699 1837 758 1891 p.
808 1816 872 1879 4.

125 1908 286 1965 Lair.
323 1919 380 1964 et
414 1905 551 1981 Dej.
587 1909 754 1966 Icon.
803 1927 854 1966 1.
897 1905 998 1968 45.
1039 1906 1096 1967 5.
1141 1913 1230 1971 Pl.
1272 1913 1329 1972 5.
1348 1911 1414 1993 f.
1454 1934 1510 1992 7.

442 2077 632 2136 Fam.
691 2098 718 2136 1
743 2078 797 2134 5.
884 2082 1258 2141 Carabicz‘.

149 2210 274 2260 Obs,
329 2205 537 2258 Familia
583 2205 791 2270 haecce,
844 2210 924 2257 cui
975 2212 1118 2259 etiam
1171 2213 1502 2263 Cicindelatae
1550 2216 1651 2278 jam

47 2282 449 2340 adnumerantur,
487 2279 747 2328 recentiori
782 2297 908 2328 aevo
939 2283 1121 2330 eximie
1153 2284 1415 2345 elaborata,
1453 2288 1505 2334 in
1530 2288 1652 2352 plu-

45 2356 166 2402 rima
215 2370 392 2419 genera
444 2348 608 2399 divisa
659 2361 765 2413 estt,
831 2351 1263 2403 denominationes
1323 2373 1481 2405 novas
1534 2357 1652 2404 Au-

47 2436 234 2473 ctorum
269 2422 405 2489 apud
439 2420 628 2488 species
665 2438 693 2469 a
730 2438 811 2470 me
851 2421 1121 2489 descriptas
1163 2425 1381 2475 indicare
1419 2428 1649 2478 conabor.

130 2621 133 2624 Ι
500 2553 1184 2611 ELAPHRUS.

59 2669 114 2710 1..
159 2650 231 2707 Ε.
278 2651 724 2727 uliginosus
784 2671 840 2726 p.
887 2652 944 2708 6.

156 2736 280 2788 obs.
330 2738 533 2804 Species
580 2756 608 2786 a
661 2756 742 2786 me
778 2738 1026 2806 descripta
1076 2752 1206 2792 certe
1241 2742 1653 2813 ELZcupreUS

49 2805 220 2855 Dufts.
259 2809 350 2856 Fn.
391 2811 559 2858 Austr.
598 2809 684 2857 sed
723 2827 827 2859 var.
867 2811 932 2871 b,
968 2810 1103 2861 tibiis
1142 2815 1294 2881 nigris
1340 2815 1427 2865 vel
1474 2833 1656 2864 coeru-

51 2876 355 2925 lescentibus
402 2878 465 2924 ad
517 2877 663 2926 aliam
701 2881 918 2945 speciem
958 2884 1204 2946 pertinet,
1259 2887 1348 2950 qui
1391 2885 1485 2935 El.
1525 2886 1655 2934 uli-

54 2948 162 3012 gin
183 2964 334 2995 osus
369 2948 580 2997 Fabricii
607 2950 859 3015 genuinus
891 2951 1119 3021 videtur5
1156 2973 1344 3007 nomen
1379 2956 1494 3007 ideo
1533 2973 1657 3005 mu-

52 3016 262 3066 tandum
298 3027 349 3066 et
384 3017 635 3086 diagnosis
675 3019 1017 3090 emendanda-⁴.

1551 3103 1657 3162 El.
