1966 3330
220 137 306 198 46
825 140 890 196 vR
901 140 936 195 Ιι
951 160 989 197 a
996 159 1044 214 g
1059 141 1217 198 ium.

219 303 345 346 nor,
382 281 542 349 magis
573 279 889 345 denudatus,
921 284 1121 350 nigrior,
1153 284 1560 350 *et‘pubescentia
1587 283 1821 352 plerum—

219 373 318 420 que
384 356 601 412 cinerea,
664 353 822 401 'rarius
878 356 1171 403 flavescens.
1259 353 1500 402 Thoracis
1563 367 1818 417 structura,

218 433 494 489 punctura,
543 419 704 481 color,
754 424 902 471 etiam
939 434 997 471 ut
1046 426 1101 471 in
1153 421 1272 483 illo,
1317 423 1467 472 modo
1517 423 1716 472 dorsum
1760 428 1818 474 in

215 493 382 540 medio
420 492 513 538 vix
549 489 882 552 denudatum,
934 491 1208 540 canalicula
1243 503 1294 540 et
1327 495 1433 556 ejus
1469 494 1686 541 carinula
1724 497 1815 544 ob-

216 561 548 611 soletioribus.
621 560 898 608 Scutellum
946 573 1003 609 ut
1045 563 1099 610 in
1135 562 1307 627 priori.
1378 561 1665 625 Elytrorum
1704 565 1816 612 for-

215 649 326 691 ma,
374 641 645 694 punctura,
698 629 858 691 color,
905 629 1066 678 lineae
1114 630 1336 678 elevatae
1380 642 1439 678 'et
1488 633 1815 696 pubescentia

211 712 272 747 ut
307 701 360 747 in
402 698 746 764 praecedenti,
800 700 886 749 sed
923 700 1119 747 fasciae·
1146 710 1385 747 testaceae
1422 699 1563 748 aliter
1596 700 1814 766 locatae;

211 770 348 835 prior
385 769 484 816 fere
518 770 570 815 in
610 769 776 816 medio
811 770 1101 833 angustior,
1149 767 1388 816 nonnihil
1423 769 1653 834 obliqua,
1701 790 1813 819 un—

212 837 413 898 dulata,
453 836 603 885 altera
637 836 791 903 paulo
827 839 1098 903 posterius,
1135 836 1309 898 latior,
1357 839 1811 905 sub-transversa,

211 909 381 955 ambae
431 918 648 955 suturam
684 907 785 953 fere
821 908 1155 972 attingente53
1206 907 1335 954 inter
1385 907 1588 969 fascias,
1635 927 1811 959 versus

204 978 479 1042 marginem
516 975 801 1037 lateralem,
854 975 1048 1025 macula
1082 994 1290 1042 magna,
1327 976 1587 1043 angulata,
1625 979 1810 1046 glabra,

208 1048 376 1112 nigra,
414 1044 598 1106 nitida,
648 1062 773 1109 quae
810 1057 927 1093 nota
965 1048 1180 1111 speciem
1216 1047 1376 1111 primo
1413 1048 1601 1095 intuitu
1636 1049 1809 1114 desig-

205 1126 310 1166 nat.
385 1115 576 1180 Corpus
611 1117 789 1163 subtus
824 1116 1052 1180 nigrum,
1088 1126 1410 1181 punctatum,
1449 1118 1603 1165 dense
1638 1120 1810 1167 flave-

209 1186 371 1234 scenti
400 1213 427 1220 -
458 1185 762 1249 pubescens,
822 1186 1026 1250 punctis
1087 1185 1353 1234 denudatis
1413 1187 1563 1249 nigris
1607 1189 1807 1254 sparsis,

208 1254 300 1304 sed
345 1253 620 1301 minoribus
665 1263 717 1301 et
756 1252 1139 1304 obsoletioribus
1174 1272 1324 1320 quam
1368 1257 1425 1304 in
1459 1257 1629 1322 priori.
1696 1259 1807 1307 Pe·-

210 1323 300 1374 des
335 1335 392 1373 ut
425 1324 478 1372 in
515 1322 850 1389 praecedenti.

211 1500 271 1557 5.
320 1496 397 1553 R.
444 1498 900 1572 indagator:
941 1502 1211 1576 nigrum,
1260 1500 1583 1558 obsoletius
1633 1521 1801 1577 pun-

327 1600 583 1665 ctatum,
640 1595 1317 1670 cinereo-pubescens,
1382 1597 1590 1671 elytris
1651 1596 1801 1652 sub—

319 1689 623 1760 testaceis,
681 1687 889 1748 *fasciis
939 1691 1166 1748 duabus
1209 1691 1522 1768 liturisque
1565 1693 1799 1748 reticu-

322 1782 461 1838 latis
511 1784 712 1857 nigris,

284 1891 456 1948 Fabr.
500 1891 667 1969 Payk.
711 1893 885 1950 Panz.
931 1895 1174 1952 Sclzo'nlz.
1218 1897 1346 1973 Syn.
1387 1895 1442 1951 5.
1484 1891 1626 1951 415.
1663 1890 1721 1949 4.

278 2001 424 2058 Var.
472 2000 535 2073 b,
587 2004 767 2079 triplo
812 2006 1044 2077 minor,
1101 2026 1244 2063 mas.
1339 2005 1601 2064 Sclz'orzlz.
1652 2006 1693 2063 l.
1746 2024 1794 2059 c.

329 2116 499 2169 ⁴vuar.
540 2097 606 2176 β.

276 2208 528 2267 Habitat
573 2214 638 2268 in
687 2213 851 2271 silvis
899 2213 1200 2289 frequens

296 2336 714 2389 Praecedentibus
751 2339 905 2407 paulo
939 2341 1152 2401 brevior,
1189 2351 1404 2389 ceterum
1439 2340 1562 2388 facie
1600 2338 1794 2399 simile;

191 2409 481 2474 magnitudo
541 2410 689 2459 valde
738 2412 915 2461 variat.
1003 2411 1166 2476 Caput
1212 2409 1372 2458 latum
1421 2409 1793 2474 sub-quad1·a-

190 2487 329 2537 tum,
369 2480 598 2544 nigrum,
648 2491 971 2545 punctatum,
1029 2482 1340 2547 pubescens,
1389 2481 1575 2529 vertice
1621 2478 1790 2544 plano,

191 2546 462 2596 obsoletius
507 2548 865 2613 canaliculat03
917 2548 1073 2598 callus
1108 2568 1240 2615 pone
1276 2549 1451 2597 oculos
1488 2549 1648 2596 adhuc
1685 2549 1794 2594 mi·-

187 2633 281 2664 nor
316 2635 462 2680 quam
497 2619 551 2665 in
589 2620 782 2683 priore,
822 2619 909 2668 sed
949 2620 1165 2685 nigrior,
1215 2620 1372 2685 magis
1419 2618 1615 2677 nudus,
1663 2634 1789 2680 quae

185 2686 394 2752 nigredo
432 2703 520 2752 per
559 2687 742 2736 collum
780 2700 830 2736 et
865 2688 1014 2737 latera
1047 2689 1289 2749 thoracis,
1326 2688 1388 2736 ad
1422 2689 1563 2735 basin
1602 2685 1790 2751 elytro-

185 2771 296 2801 rum
359 2773 520 2819 usque
581 2758 927 2820 continuatur3
978 2758 1113 2806 oculi
1157 2757 1359 2822 oblongi
1406 2757 1645 2815 brunnei,
1693 2756 1788 2803 vix

187 2825 494 2890 emarginati.
582 2826 847 2890 Antennae
902 2830 1084 2876 breves
1144 2839 1202 2876 ut
1258 2829 1313 2875 in
1363 2826 1638 2892 prioribus,
1699 2824 1788 2872 sed.

187 2894 357 2942 minus
391 2895 749 2959 pubescentes,
801 2896 1017 2961 ideoque
1065 2898 1331 2963 nigriores,
1381 2894 1597 2943 articulis
1644 2894 1788 2941 inse-

185 2963 395 3013 rioribus
431 2964 536 3014 basi
571 2966 812 3017 testaceis.
886 2967 1093 3016 Thorax
1137 2969 1282 3030 juxta
1313 2966 1455 3014 basin
1510 2975 1559 3014 et
1593 2965 1785 3029 apicem

1651 3050 1785 3080 con-
