1966 3330
285 117 403 200 194
848 115 1305 178 Coccinella.

284 276 466 313 tennae
502 269 773 322 testaceae,
811 261 954 328 apice
995 261 1179 315 fuscae,
1252 262 1461 314 Thorax
1498 261 1705 331 ‘longior
1739 282 1890 330 quam

283 336 336 383 in
374 328 559 397 priori,
593 333 757 378 antice
794 329 891 379 late
923 343 975 380 et
1009 332 1256 398 profunde
1293 333 1660 401 emarginatus,
1698 337 1890 401 postice

284 403 558 466 elytrorum
596 400 863 449 latitudine
901 413 951 468 et
985 401 1086 451 illis
1116 404 1433 467 adaequatus,
1471 405 1526 452 in
1554 405 1720 453 medio
1756 423 1890 454 non-

282 470 420 526 nihil
456 466 785 532 rotundatas,
835 488 985 536 supra
1021 473 1175 521 valde
1212 491 1498 534 convexus,
1544 474 1903 539 Punctulatus,

283 541 579 608 plerumque
617 551 751 589 totus
788 542 956 607 niger,
991 542 1246 590 interdum
1283 542 1477 608 angulis
1513 545 1690 594 anticis
1727 555 1893 593 testa-

287 614 404 660 ceis.
478 609 758 673 Scutellum
794 629 1039 676 parvum,
1075 614 1403 677 triangulare,
1458 614 1673 678 nigrum.
1754 614 1891 678 Ely-

284 693 360 729 tra
396 697 602 745 magna,
649 691 823 740 ovata,
869 679 1103 729 lateribus
1151 693 1357 746 anguste
1399 684 1699 746 marginata,
1751 686 1891 749 apice

284 750 581 812 rotundata,
616 767 765 814 supra
802 750 994 798 modice
1021 769 1264 811 convexa,
1303 750 1563 799 confertim
1600 753 1892 803 evidentius

286 830 552 887 punctata,
591 821 961 885 pubescentia,
1011 821 1065 868 in
1112 839 1165 882 a,
1203 819 1360 868 limbo
1416 823 1554 869 omni
1598 823 1693 871 late
1731 824 1890 889 nigro,

288 892 427 938 disco
465 888 608 955 plaga
645 888 1037 954 longitudinali‚
1085 886 1337 954 inaequali
1374 891 1540 954 rubra3
1589 892 1642 939 in
1676 894 1892 941 varieta—

287 962 423 1008 tibus
462 958 606 1007 aliter
641 958 882 1021 colorata3
925 971 983 1007 ut
1030 962 1084 1008 in
1134 960 1334 1008 illarum
1383 960 1707 1026 diagnosibus
1751 963 1892 1010 indi-

288 1041 469 1077 catum.
547 1028 741 1093 Corpus
792 1030 966 1077 subtus
1001 1041 1165 1078 totum
1216 1031 1445 1095 nigrum,
1498 1033 1889 1093 sub-nitidum,

287 1097 675 1166 punctulatum,
738 1116 880 1164 parce
935 1102 1231 1164 pubescens.
1333 1100 1492 1149 Pedes
1548 1100 1890 1163 validiusculi,

286 1181 376 1218 aut
412 1169 505 1216 toti
538 1169 770 1230 testacei,
822 1179 908 1217 aut
943 1170 1209 1219 femoribus
1248 1171 1437 1235 nigris,
1485 1182 1571 1218 aut
1621 1173 1767 1220 etiam
1815 1174 1892 1220 ti-

289 1241 390 1289 biis
427 1239 633 1306 insuper
668 1239 809 1305 nigro
849 1238 1018 1295 fuscis.
1048 1281 1051 1285 .

289 1387 396 1443 55.
449 1387 513 1443 C.
562 1387 926 1462 nigrinaz-
962 1389 1072 1445 sub
1100 1421 1137 1431 -
1166 1389 1647 1465 hemisphaerica
1704 1390 1892 1463 nigra,

411 1482 749 1558 pubescens
769 1524 785 1555 ,
835 1486 1062 1561 poetice
1090 1485 1326 1558 obtusa,
1379 1487 1653 1541 antennis
1682 1487 1891 1541 tarsis-

414 1597 531 1654 que
570 1578 706 1634 rufo
724 1609 759 1617 —
776 1580 980 1652 piceis,

370 1688 530 1762 Illig.
590 1686 710 1743 Col.
759 1686 897 1743 Bor.
949 1706 998 1744 1.
1042 1684 1185 1745 415.
1239 1706 1290 1745 1.
1376 1689 1621 1746 Sclzo'nlz.
1663 1691 1790 1768 Syn.
1838 1708 1890 1745 2.

460 1790 600 1848 207.
652 1789 790 1849 ¹90·
913 1813 915 1817 Α

372 1878 644 1953 Scymnus
684 1878 988 1952 nigrinch,
1033 1876 1268 1934 Herbst.
1309 1878 1489 1934 Panz.
1532 1878 1763 1951 ffagell-

374 1982 708 2040 Coccinella
750 1985 974 2053 morie,
1016 1981 1186 2059 Pczyk.
1226 1982 1329 2041 Fsz.
1380 2003 1434 2039 2.
1482 1980 1539 2039 ὅ.
1582 1979 1638 2038 (i.

371 2092 628 2149 Habitat
653 2093 717 2148 in
750 2092 1062 2151 frondibus
1097 2093 1234 2150 Pini
1273 2093 1594 2168 silvestris,
1644 2101 1734 2150 sat
1763 2091 1892 2150 frem

462 2207 676 2265 quens,

397 2334 534 2383 Inter
583 2334 793 2398 majores
841 2332 996 2398 hujus
1047 2331 1485 2383 sub-divisionis.
1559 2330 1723 2397 Caput
1771 2348 1894 2395 par-

289 2420 447 2466 vum,
511 2403 796 2466 deflexum,
851 2405 1077 2470 nigrum,
1135 2403 1295 2452 fronte
1345 2402 1522 2469 plana,
1580 2399 1892 2467 punctulata‚

293 2490 375 2521 ore
425 2476 757 2539 antennisque
816 2474 1162 2539 rufo—piceis.
1246 2473 1454 2521 Thorax
1514 2473 1673 2519 antice
1739 2469 1892 2534 paulo

292 2545 580 2606 angustior,
619 2543 747 2606 late,
787 2543 875 2593 sed
914 2545 1081 2608 minus
1119 2543 1370 2609 profunde
1407 2541 1766 2605 emarginatus,
1806 2537 1892 2586 la-

289 2614 475 2661 teribus
513 2625 722 2679 anguste
760 2615 1091 2680 marginatus,
1127 2614 1319 2678 postice
1353 2615 1407 2660 in
1443 2611 1605 2658 medio
1644 2606 1894 2657 rotunda-

290 2690 402 2743 tus,
443 2681 614 2747 elytris
651 2683 982 2748 adaequatus,
1035 2695 1084 2730 et
1128 2681 1325 2730 illarum
1375 2683 1481 2729 basi
1517 2696 1693 2747 parurn
1732 2695 1893 2742 angu-

292 2750 443 2811 stim,
481 2769 638 2818 supra,
660 2748 952 2816 convexus,
989 2753 1334 2818 totus-niger,
1388 2750 1710 2799 subtilissime
1747 2751 1895 2812 pun-

291 2818 536 2882 ctulatus,
582 2824 716 2886 pube
744 2818 985 2889 *depressa
1035 2824 1227 2870 cinerea
1260 2821 1539 2886 adspersus.
1611 2815 1893 2866 Scutellurn

289 2906 533 2954 parvum,
569 2891 898 2958 triangulare,
934 2894 1148 2958 nigrum.
1219 2891 1396 2956 Elytra
1433 2906 1638 2954 magna,
1675 2887 1893 2934 brevitet

292 2969 466 3022 ovata,
515 2973 727 3028 anguste
773 2964 1078 3031 marginata,
1126 2962 1322 3029 postice
1374 2962 1553 3011 obtuse
1604 2954 1892 3013 rotundata,

1748 3039 1897 3090 supra
