1905 3330
662 116 1141 194 Chrysomela.
1574 114 1699 199 649

91 273 173 329 ,25
199 270 359 325 -26.
385 268 452 327 C.
497 286 762 342 egena:
813 267 1080 326 breviter
1124 268 1505 340 sub—ovata,
1546 289 1697 326 coe-

204 365 393 435 rulea,
443 364 652 434 nitida,
699 362 1004 438 profunde
1036 372 1341 439 punctata,
1390 384 1506 420 ano
1540 386 1697 422 con—-

205 460 441 529 colore,
488 459 753 513 thoracis
782 458 1017 532 angulis
1041 461 1286 534 posticis
1311 460 1693 535 prominuIiS,

203 555 538 628 elytrorum
567 554 900 608 interstitiis
939 554 1345 628 impunctatis.

168 657 342 714 Dom.
373 658 610 732 Ziegler
637 658 700 712 in
729 657 957 712 litteris.
995 642 1133 728 Dej.
1161 657 1285 714 Cat.
1301 677 1362 735 p.
1397 653 1532 718 124.

170 760 421 817 Habitat
444 763 506 816 in
526 762 574 816 F
576 761 839 817 inlandia
843 804 865 831 ,
891 762 1102 816 rarius.
1129 762 1312 819 Dom.
1331 761 1701 820 Sclzonkerr.

193 861 517 909 Praecedenti
554 862 718 926 primo
755 860 944 908 intuitu
986 860 1273 924 simillima,
1326 874 1376 911 et
1425 863 1704 911 minoribus

88 932 198 994 ejus
250 931 499 995 aequalis,
550 931 637 979 sed
689 948 808 978 vere
861 929 1123 993 distIncta,
1184 933 1413 997 undique
1450 933 1702 999 profunde

88 1013 355 1067 punctata,
407 1001 619 1049 thoracis
663 1011 904 1049 structura
941 1002 1035 1048 alia
1072 1012 1166 1051 etc.
1239 1002 1404 1067 Caput:
1457 1002 1706 1051 rotunda-

88 1082 229 1130 tum,
268 1069 634 1131 coerulescens,
675 1070 838 1117 fronte
875 1069 973 1117 sere
1011 1070 1193 1135 plana,
1227 1071 1498 1136 inaequali,
1536 1072 1706 1119 crebre

92 1153 144 1188 et
195 1141 444 1207 profunde
501 1150 757 1204 punctata.
843 1139 1110 1187 Antennae
1172 1139 1372 1188 thorace
1432 1141 1704 1206 longiores,

93 1213 279 1277 nigrae,
317 1220 556 1258 structura
591 1220 648 1256 ut
672 1209 723 1255 in
762 1207 930 1272 priori.
1006 1210 1212 1258 Thorax
1238 1221 1565 1271 transversus,
1602 1229 1705 1257 an—

93 1284 191 1328 tice
229 1280 329 1328 late
365 1291 412 1326 et
449 1277 698 1343 profunde
730 1279 1069 1344 *emarginatus
1092 1317 1105 1340 ,
1163 1279 1362 1346 angulis
1401 1279 1703 1347 prominulis

92 1349 406 1413 rotundatist,
442 1347 680 1396 lateribus
717 1359 833 1395 ante
872 1349 1090 1396 medium
1129 1350 1417 1414 ampliatus,
1454 1351 1705 1416 posterius

93 1420 381 1485 angustior,
430 1417 628 1484 angulis
680 1418 860 1465 iterum
898 1419 1383 1484 sub-prominulis3
1433 1422 1538 1468 basi
1573 1421 1705 1468 sub-

94 1491 357 1548 sinuatus,
392 1505 539 1553 supra
578 1487 773 1536 modice
811 1505 1104 1549 convexus,
1141 1489 1390 1554 aequalis,
1432 1489 1705 1550 coeruleus,

96 1559 317 1618 nitidus,
371 1560 424 1605 in
476 1557 643 1605 medio
692 1555 955 1618 subtilius,
1019 1576 1194 1607 versus
1242 1558 1389 1607 latera
1436 1561 1604 1607 crebre
1656 1569 1708 1607 et

96 1628 346 1694 profunde
384 1638 678 1692 punctatus,
730 1628 932 1691 punctis
969 1628 1336 1692 inaequalibus.
1418 1627 1707 1678 Scutellum

97 1697 606 1756 sub-rotundatum,
671 1696 982 1758 coeruleum,
1038 1696 1198 1748 laeve.
1287 1698 1460 1764 Elytra
1508 1717 1706 1764 magna,

97 1780 260 1816 antice
295 1767 493 1814 thorace
530 1766 702 1814 latiora
740 1777 789 1813 et
826 1766 916 1815 illo
953 1768 1233 1833 quadruplo
1270 1767 1524 1833 longiora,
1565 1770 1707 1832 apice

98 1839 210 1902 ipso
249 1838 547 1896 acuminata,
587 1854 731 1901 supra
771 1835 921 1884 valde
958 1855 1206 1898 convexa,
1246 1838 1487 1899 coerulea,
1528 1838 1706 1899 nitida,

98 1905 382 1971 regulariter
408 1917 457 1953 et
480 1906 728 1971 profunde
755 1909 1239 1970 punctam-striata,
1281 1909 1560 1956 interstitiis
1587 1907 1707 1972 pla-

98 1978 209 2038 nis,
255 1975 481 2024 laevibus
526 1978 878 2040 impunctatis3
925 1975 1080 2025 callus
1128 1977 1394 2026 humeralis
1445 1995 1707 2044 perparum

102 2045 358 2105 elevatus,
411 2064 500 2092 nec
551 2044 753 2093 foveola
803 2046 932 2093 intra
967 2045 1112 2096 illum
1164 2050 1441 2114 perspicua.
1515 2048 1708 2111 Corpus

102 2117 278 2163 subtus
317 2114 887 2180 nigro-coerulescens,
929 2116 1173 2178 nitidum,
1211 2129 1411 2182 pectore
1448 2117 1709 2165 confertim

102 2195 153 2231 et
199 2184 479 2250 profunde,
538 2196 714 2234 ventre
754 2188 949 2250 parcius
999 2197 1050 2233 et:
1087 2187 1238 2251 paulo
1290 2186 1525 2234 subtilius
1563 2204 1710 2251 pun-

100 2265 262 2314 ctato,
309 2272 403 2302 ano
443 2254 721 2304 concolore.
794 2255 954 2303 Pedes
997 2257 1270 2306 mediocres
1320 2257 1710 2323 nigro-coeru-

100 2322 376 2384 lescentes,
411 2325 552 2373 tarsis
588 2325 1113 2391 griseo-spongiosis.

102 2442 210 2505 26.
261 2449 326 2505 C.
371 2449 614 2505 litura
654 2469 714 2524 p.
751 2452 908 2509 481.

108 2561 213 2611 27.
264 2544 329 2601 C.
383 2545 640 2618 dispar
681 2563 738 2619 p.
770 2546 925 2600 482.

109 2640 215 2693 28.
265 2637 329 2692 C.
375 2638 643 2694 affinis
687 2659 742 2713 p.
779 2640 930 2695 485.

199 2730 346 2789 Ver,
390 2754 453 2803 e,
512 2735 760 2789 thorace
816 2735 1020 2807 nigrO,
1071 2733 1406 2807 elytrorum
1460 2731 1714 2803 mac-ulis

273 2827 430 2881 utin
457 2846 522 2899 a,
571 2830 675 2884 sed
709 2838 810 2884 aut
838 2828 1118 2886 omnibus
1166 2837 1268 2885 aut
1295 2830 1512 2886 saltem
1546 2831 1714 2885 int„—

270 2920 531 2979 rioribus
566 2923 1021 2981 confluentibus·

1572 3013 1713 3072 Var.
