1966 3330
659 112 1112 170 Coccinella.
1598 99 1714 183 149

213 256 434 305 Maxima
470 264 745 302 nostratum
787 252 938 315 hujus
986 252 1193 319 gene-tls.
1268 249 1431 317 Caput
1476 265 1708 315 parvum,

109 326 388 385 deflexum,
445 325 673 388 nigrum,
728 333 1054 388 punctatum,
1102 321 1311 369 maculis
1345 320 1536 368 duabus
1576 327 1709 366 ova-ff

108 398 171 444 tis
206 395 258 441 in
298 393 456 442 fronte
492 391 765 456 lunulaque
803 409 950 456 supra
1000 409 1053 439 os
1090 390 1242 451 albis,
1297 388 1428 438 oculi
1465 387 1705 454 depressi,

105 463 336 511 brunnei.
409 463 675 509 Antennae
722 459 1114 519 validiusculae,
1175 460 1512 524 serrugineae,
1565 458 1705 523 apice

103 533 449 581 fuscescentes.
537 531 743 579 Thorax
794 531 989 588 brevis,
1041 527 1214 592 elytris
1268 530 1568 594 angustior,
1601 544 1706 592 po-

103 603 223 650 stice
260 601 733 662 sub—rotundatus,
784 598 982 665 angulis
1030 599 1250 657 obtusis,
1300 599 1474 645 antice·
1508 596 1603 645 late
1655 606 1705 643 et

101 670 349 737 profunde
387 672 747 737 emarginatus,
786 668 1022 718 lateribus
1056 667 1368 726 rotundatus,
1410 684 1556 731 supra
1594 684 1704 714 mo-

101 741 211 789 dice
263 758 551 803 convexus,
597 741 650 789 in
706 740 842 789 disco
889 740 1053 804 niger,
1104 735 1326 785 obsolete
1365 738 1702 801 punctulatus‚

99 810 321 875 margine
371 812 536 859 antico
588 821 828 875 anguste,
892 806 1182 857 lateralibus
1226 822 1347 854 vero
1410 803 1508 852 late
1559 805 1702 867 albis,

99 881 321 946 margine
352 891 519 928 tamen
567 881 677 945 ipso
713 880 888 945 nigro,
937 895 1112 926 versus
1149 878 1290 924 basin
1330 873 1571 922 maculam
1608 893 1703 922 co·-

98 951 259 997 nicam
299 951 487 1016 nigram
527 951 812 1010 emittente,
859 947 1111 996 interdum
1152 964 1264 994 cum
1318 943 1577 1010 nigredine
1614 944 1704 991 di·-

98 1019 170 1068 sci
206 1021 556 1082 conjunctamt,
601 1019 655 1066 in
706 1017 850 1084 plaga
888 1019 1028 1084 nigra
1063 1033 1236 1065 versus
1273 1015 1493 1062 medium
1529 1014 1702 1063 baseos

96 1100 343 1155 praeterea
382 1087 599 1136 maculae
636 1088 764 1135 duae
802 1087 973 1147 albae,
1022 1104 1177 1152 pares.
1249 1082 1529 1133 Scutellum
1578 1101 1703 1148 par-

97 1177 224 1208 vum
266 1157 565 1224 triangulare
601 1158 829 1223 nigrum.
903 1156 1077 1221 Elytra
1116 1172 1319 1221 magna,
1368 1152 1519 1203 valde
1571 1170 1704 1200 con·-

97 1246 260 1290 vexa,
294 1230 349 1276 in
388 1229 524 1276 disco
563 1227 812 1289 obsolete,
862 1244 1039 1276 versus
1074 1225 1225 1273 latera
1260 1224 1546 1273 evidentius
1585 1240 1702 1270 cre-

98 1299 186 1346 bre
238 1296 557 1363 punctulata‚
621 1299 720 1360 jam
771 1298 1064 1357 saturatius,
1128 1297 1229 1360 jam
1285 1293 1493 1342 dilutius
1539 1293 1700 1352 rubra,

96 1369 316 1434 margine
351 1368 464 1432 ipso
502 1368 693 1416 reflexo
733 1385 929 1432 semper
968 1367 1131 1424 nigro.
1202 1366 1260 1414 In
1296 1360 1556 1413 tuberculo
1594 1361 1703 1409 hu-

94 1436 265 1485 merali
318 1436 506 1485 macula
555 1439 709 1501 major
760 1437 964 1502 oblique
1012 1447 1295 1485 transversa
1343 1435 1508 1497 nigra3
1558 1433 1703 1494 juxta

94 1505 360 1556 scutellum
399 1506 493 1554 alia
538 1526 690 1573 parva
727 1509 1053 1568 ob-conica,
1106 1506 1260 1553 rarius
1307 1521 1420 1552 cum
1469 1502 1701 1567 opposita

93 1576 297 1625 alterius
341 1576 487 1640 elytri
526 1579 821 1640 conjuncta3
868 1576 1018 1643 paulo
1070 1587 1183 1624 ante
1228 1575 1448 1623 medium
1486 1573 1635 1636 striga
1671 1589 1699 1618 e

95 1645 304 1694 maculis
331 1648 504 1706 tribus,
533 1658 584 1694 et
616 1646 677 1693 ad
712 1648 877 1712 ipsum
904 1647 1174 1713 marginem
1199 1644 1498 1711 plerumque
1525 1651 1699 1706 quarta

95 1716 377 1776 dimidiata,
437 1733 547 1763 cum
599 1717 861 1781 nigredine
930 1717 1164 1781 marginis
1226 1729 1482 1772 connexa,
1542 1708 1696 1776 paulo

94 1803 229 1850 pone
267 1785 488 1832 medium
524 1786 672 1850 striga
707 1785 885 1847 altera,
937 1786 1084 1833 etiam
1121 1784 1279 1832 tribus
1319 1780 1524 1829 maculis
1562 1798 1696 1828 con-

95 1865 231 1902 stans
277 1865 327 1901 et
374 1856 500 1902 intra
537 1857 730 1919 apicem
782 1854 971 1903 macula
1003 1853 1206 1914 ultima,
1259 1851 1554 1918 plerumque
1593 1850 1697 1898 ob·-

94 1923 274 1990 longa,
337 1925 541 1988 oblique
597 1936 895 1984 transversa,
956 1941 1128 1973 omnes
1179 1922 1304 1971 iride
1342 1919 1534 1987 pallida
1572 1921 1695 1966 cin-

94 2004 214 2042 ctae.
291 1992 482 2058 Corpus
518 1995 694 2042 subtus
732 1996 954 2059 nigrum,
992 2004 1192 2059 pectore
1229 1992 1462 2055 utrinque
1501 1986 1694 2036 macula

93 2061 382 2128 triangulari
429 2061 566 2125 alba,
629 2074 1099 2128 segmentorumque
1148 2062 1340 2111 ventris
1389 2059 1693 2122 marginibus

91 2143 297 2199 anguste
335 2130 551 2197 pallidis.
621 2133 780 2182 Pedes
819 2135 947 2199 nigri
985 2133 1208 2198 spongiis
1256 2130 1569 2194 ferrugineis.

197 2202 492 2267 Signaturae
530 2203 694 2268 nigrae
738 2202 1008 2267 elytrorum
1047 2202 1246 2250 diverso
1276 2200 1425 2248 modo
1464 2198 1690 2260 variant3

88 2272 141 2320 in
182 2289 286 2322 var.
325 2272 389 2332 b,
425 2284 613 2338 puncta
649 2274 882 2320 serierum
916 2275 1016 2337 jam
1055 2272 1233 2331 media,
1271 2272 1368 2334 jam
1407 2268 1572 2315 omnia
1604 2267 1690 2313 in·-

89 2340 267 2390 teriora
314 2339 526 2404 desunt3
587 2343 641 2390 in
692 2360 796 2391 var.
836 2361 893 2404 c,
947 2342 1094 2390 modo
1151 2350 1409 2407 punctum„
1429 2334 1688 2384 humerale

87 2421 137 2458 et
172 2409 464 2470 scutellare‘,
502 2429 658 2476 eaque
694 2429 875 2477 parva,
931 2413 1066 2478 nigra
1107 2419 1333 2473 exstant3
1381 2405 1688 2471 reliquorum

86 2479 193 2529 loca
229 2479 439 2546 guttulis
473 2480 675 2546 pallidis
715 2493 908 2529 tantum
960 2481 1199 2543 indicata3
1246 2480 1302 2527 in
1353 2495 1456 2526 var.
1495 2476 1556 2536 d,
1607 2476 1687 2523 si-

89 2560 324 2615 gnaturae
377 2551 544 2615 nigrae
591 2552 796 2599 omnino
850 2549 1018 2599 nullae
1069 2562 1121 2599 et·
1178 2546 1401 2615 guttulae
1467 2544 1686 2612 pallidae

85 2618 234 2667 valde
274 2619 535 2668 obsoletae.
606 2622 664 2668 In
701 2639 808 2670 var.
845 2639 897 2681 e,
935 2639 960 2667 e
999 2622 1242 2682 contrario
1272 2620 1551 2684 signaturae
1593 2615 1686 2662 ni—

86 2706 196 2752 grae
232 2688 380 2736 valde
418 2689 675 2750 dilatatae,
714 2692 1050 2750 confluentes,
1094 2688 1252 2738 lineas
1304 2699 1402 2735 tres
1449 2684 1686 2751 longitu--

86 2756 276 2805 dinales
317 2760 626 2808 abbreviatas
663 2761 715 2808 in
765 2759 962 2826 singulo
1002 2758 1161 2823 elytro
1203 2761 1493 2816 formantes,
1549 2770 1686 2820 qua-

84 2844 193 2875 rum
232 2827 434 2877 interior
468 2846 615 2896 saepe
651 2841 702 2878 et
741 2831 894 2880 rarius
932 2830 1081 2880 etiarn
1119 2829 1283 2878 media
1319 2828 1543 2893 abrupta.

1504 2988 1564 3047 5.
1615 2984 1681 3042 C.
