1966 3330
231 123 348 183 170
809 100 1274 166 Coccinell'a.

310 253 457 314 Var.
498 276 570 325 ν,
631 262 760 311 tota
808 257 1015 334 nigra,
1070 259 1403 333 elytrorum
1448 259 1668 334 angulo
1714 261 1838 317 hu—

383 350 596 406 merali
628 353 861 408 macuta
889 364 1139 428 angusta
1172 354 1377 410 lunata
1411 374 1484 411 ru
1501 355 1623 412 bra.
1671 356 1837 434 Illig.

382 445 649 505 Sch‘o'tzh.
691 447 731 504 l.
776 469 826 504 c,
877 469 1009 505 var.
1058 464 1116 505 α.

301 559 554 616 Habitat
576 563 640 618 in
665 563 887 638 plantis
918 572 978 618 et
1003 561 1320 620 fruticibus
1353 561 1673 639 frequens3
1721 583 1837 621 va-

384 647 627 713 rietates
668 677 811 717 vero
840 658 1080 732 plu-res,
1129 660 1489 732 praesertim
1528 660 1836 734 posterio—

380 771 516 821 reS‚
565 772 706 808 raro
746 759 1087 809 occurrunt.

314 864 486 914 Media
536 867 667 915 inter
725 876 979 917 nostrates.
1055 865 1218 932 Caput
1266 884 1506 932 parvum,
1555 865 1830 926 deflexum,

215 935 605 1003 punctulatum,
643 937 873 1003 nigrum,
921 938 1138 1002 margine
1179 953 1379 985 summo
1419 935 1586 1002 clypei
1625 948 1674 984 et
1707 936 1833 985 labri

212 1005 428 1068 albidist,
475 1008 620 1069 juxta
658 1005 912 1072 singulum
952 1005 1156 1054 oculum
1194 1005 1385 1054 macula
1436 1006 1655 1073 oblonga
1701 1007 1831 1069 alba,

215 1093 343 1139 quae
389 1086 557 1124 tamen
610 1078 663 1124 in
721 1076 1050 1125 varietatibus
1100 1075 1290 1124 ultimis
1342 1079 1495 1142 nigris
1544 1088 1629 1123 aut
1677 1095 1833 1143 parva

214 1156 301 1193 aut
337 1147 544 1195 omnino
589 1146 746 1195 deest.
813 1145 1080 1194 Antennae
1114 1146 1450 1211 {errugineae,
1506 1148 1653 1195 etiam
1707 1149 1831 1208 basi,

214 1216 356 1280 apice
404 1226 600 1264 tantum
657 1215 1007 1264 suscescentes.
1080 1216 1287 1263 Thorax
1340 1216 1536 1281 postice
1587 1217 1834 1265 snb—ro-

211 1285 482 1347 tundatus,
534 1287 696 1334 antice
734 1283 834 1333 late
886 1296 936 1333 et
971 1285 1221 1351 profunde
1278 1284 1577 1350 angulariter
1615 1288 1831 1351 emargi-

209 1366 391 1415 natus,
442 1374 589 1422 supra
628 1357 797 1405 minus
836 1373 1130 1417 convexus,
1184 1356 1547 1421 punctulatus,
1594 1355 1832 1404 lateribus

207 1423 308 1473 late
360 1423 532 1486 albus,
588 1426 854 1474 medietate
900 1424 1334 1492 longitudinaliter
1383 1426 1547 1490 nigra,
1610 1427 1831 1492 margine

207 1505 377 1541 tamen
417 1497 583 1544 antico
633 1506 846 1561 anguste
892 1494 1035 1557 albo,
1087 1497 1140 1544 in
1193 1495 1360 1543 medio
1409 1495 1705 1561 plerumque
1753 1495 1828 1543 li·-

212 1582 358 1612 neam
397 1564 710 1617 concolorem
749 1567 1036 1626 emittente,
1090 1577 1139 1614 et
1187 1568 1239 1613 in
1293 1564 1456 1613 medio
1495 1567 1670 1613 baseos
1712 1581 1829 1612 ma-

213 1632 325 1682 cula
363 1632 565 1698 didyma
606 1634 746 1696 alba,
783 1637 899 1697 jam.
923 1637 1107 1699 major,
1143 1637 1244 1699 jam
1284 1636 1474 1693 minor,
1527 1637 1624 1695 jam
1675 1634 1826 1682 etiam

207 1703 377 1766 nulla5
441 1703 558 1753 talis
616 1703 853 1753 coloratio
902 1704 1114 1753 thoracis
1161 1707 1213 1753 in
1279 1705 1606 1753 varietatibus
1668 1723 1828 1769 usque

211 1773 273 1822 ad
312 1773 373 1834 k,
412 1772 583 1838 valet3
630 1774 685 1822 in
722 1775 1051 1838 sequentibus
1088 1793 1209 1823 vero
1247 1775 1429 1823 thorax
1467 1775 1635 1841 niger,
1689 1792 1826 1821 mar-

207 1845 325 1909 gine
360 1842 554 1892 laterali
591 1855 803 1911 anguste
846 1843 980 1893 albo.
1050 1842 1328 1893 Scutellum
1369 1861 1609 1909 parvum,
1663 1846 1827 1891 trian-

206 1913 404 1978 gulare,
446 1916 659 1980 nigrum.
733 1913 911 1979 Elytra
949 1913 1147 1980 ampla,
1197 1916 1525 1974 sub-ovata,
1581 1912 1819 1962 lateribus

204 1993 415 2049 anguste
468 1986 770 2049 marginata,
821 1986 1111 2049 praesertim
1149 1984 1370 2050 postice,
1433 2001 1580 2048 supra
1628 1984 1820 2033 modice

207 2070 454 2113 convexa,
492 2053 754 2102 confertim
789 2065 838 2101 et
873 2053 1158 2102 evidentius
1196 2070 1341 2118 quam
1367 2052 1549 2100 thorax
1585 2063 1819 2117 punctu—-

204 2121 333 2185 lata3
372 2122 511 2172 color
543 2121 744 2172 illorum
793 2122 1058 2172 dominans
1095 2124 1239 2171 ruber
1275 2133 1351 2171 est
1398 2125 1451 2170 in
1489 2124 1820 2171 varietatibus

206 2190 376 2255 a——13
412 2194 465 2240 in
502 2210 606 2242 var.
643 2211 723 2255 m,
764 2211 827 2255 n,
879 2191 1014 2241 color
1048 2195 1194 2241 ruber
1236 2204 1286 2240 et
1327 2193 1494 2241 fuscus
1530 2193 1709 2252 mixti,
1763 2193 1818 2239 in

210 2265 533 2325 sequentibus
570 2261 707 2311 color
745 2264 885 2328 niger
919 2262 1176 2323 dominat3
1214 2263 1491 2328 signaturae
1526 2261 1676 2310 valde
1713 2278 1816 2309 va—

207 2334 368 2393 riant,
417 2343 475 2380 ut
512 2334 566 2380 in
601 2332 922 2397 diagnosibus
972 2335 1263 2381 varietatum
1301 2332 1460 2380 fusius
1519 2332 1814 2380 indicatum.

208 2400 403 2466 Corpus
439 2404 618 2452 subtus
656 2403 869 2468 nigrum,
907 2402 1277 2468 punctulatum,
1320 2403 1400 2449 ani
1443 2402 1659 2467 margine
1697 2418 1816 2448 sae-

205 2471 322 2535 pius
369 2470 576 2537 pallido.
662 2470 822 2521 Pedes
875 2473 1033 2537 nigri,
1083 2474 1313 2519 tibiarum
1376 2473 1515 2536 apice
1576 2470 1815 2534 tarsisque

204 2541 380 2588 anticis
418 2541 696 2603 interdum,
737 2543 966 2608 spongiis
1008 2559 1204 2607 semper
1237 2541 1548 2607 ferrugineis.

307 2609 586 2660 Varietates
635 2610 807 2675 elytris
860 2612 1020 2660 rubris
1074 2629 1219 2676 saepe
1273 2628 1386 2657 cum
1435 2608 1538 2657 illis
1603 2626 1816 2673 quarum

205 2677 362 2742 elytra
400 2682 616 2728 maxima
650 2693 789 2746 parte
826 2683 964 2746 nigra
1000 2692 1141 2741 sunt,
1193 2679 1373 2745 copula
1423 2681 1619 2742 junctae
1655 2681 1815 2727 inve—

208 2750 443 2810 niuntur,
499 2750 634 2814 quod
668 2750 979 2799 identitatem
1016 2751 1200 2816 speciei
1241 2750 1527 2809 confirmat,
1565 2748 1708 2808 illas,
1760 2748 1814 2794 in

209 2818 394 2881 quibus
440 2818 574 2868 color
622 2822 891 2885 elytrorum
943 2821 1082 2888 niger
1131 2820 1394 2868 dominans
1447 2829 1555 2881 est,
1605 2818 1815 2866 feminas

208 2905 319 2937 esse
353 2886 652 2954 plerumque
692 2891 972 2940 observavi.

1594 3009 1696 3047 20.
1731 2984 1809 3043 Ὀ.
