<?xml version="1.0" encoding="UTF-8"?>
<!DOCTYPE html PUBLIC "-//W3C//DTD XHTML 1.0 Transitional//EN"
    "http://www.w3.org/TR/xhtml1/DTD/xhtml1-transitional.dtd">
<html xmlns="http://www.w3.org/1999/xhtml" xml:lang="en" lang="en">
 <head>
  <title>
</title>
<meta http-equiv="Content-Type" content="text/html;charset=utf-8" />
  <meta name='ocr-system' content='tesseract 3.04.00' />
  <meta name='ocr-capabilities' content='ocr_page ocr_carea ocr_par ocr_line ocrx_word'/>
</head>
<body>
  <div class='ocr_page' id='page_1' title='image "./insectasvecicade14gyll_0638.png"; bbox 0 0 1905 3330; ppageno 0'>
   <div class='ocr_carea' id='block_1_1' title="bbox 167 116 1379 197">
    <p class='ocr_par' dir='ltr' id='par_1_1' title="bbox 167 116 1379 197">
     <span class='ocr_line' id='line_1_1' title="bbox 167 116 1379 197; baseline 0.002 -17"><span class='ocrx_word' id='word_1_1' title='bbox 167 118 291 180; x_wconf 84' lang='lat'>622</span> <span class='ocrx_word' id='word_1_2' title='bbox 569 116 961 197; x_wconf 74' lang='lat' dir='ltr'>Appendix</span> <span class='ocrx_word' id='word_1_3' title='bbox 1007 121 1098 179; x_wconf 82' lang='lat' dir='ltr'>ad</span> <span class='ocrx_word' id='word_1_4' title='bbox 1135 123 1200 181; x_wconf 89' lang='lat' dir='ltr'>P.</span> <span class='ocrx_word' id='word_1_5' title='bbox 1231 124 1379 184; x_wconf 84' lang='lat' dir='ltr'><strong><em>III.</em></strong></span> 
     </span>
    </p>
   </div>
   <div class='ocr_carea' id='block_1_2' title="bbox 163 258 1788 608">
    <p class='ocr_par' dir='ltr' id='par_1_2' title="bbox 163 258 1788 608">
     <span class='ocr_line' id='line_1_2' title="bbox 163 258 1788 324; baseline 0.003 -10"><span class='ocrx_word' id='word_1_6' title='bbox 163 271 435 321; x_wconf 68' lang='lat' dir='ltr'>excavata,</span> <span class='ocrx_word' id='word_1_7' title='bbox 472 258 602 310; x_wconf 89' lang='lat' dir='ltr'>callo</span> <span class='ocrx_word' id='word_1_8' title='bbox 637 258 844 324; x_wconf 86' lang='lat' dir='ltr'>latiore,</span> <span class='ocrx_word' id='word_1_9' title='bbox 893 261 1116 315; x_wconf 83' lang='lat' dir='ltr'>difformi</span> <span class='ocrx_word' id='word_1_10' title='bbox 1152 277 1203 316; x_wconf 91' lang='lat' dir='ltr'>et</span> <span class='ocrx_word' id='word_1_11' title='bbox 1239 266 1514 318; x_wconf 86' lang='lat' dir='ltr'>tuberculis</span> <span class='ocrx_word' id='word_1_12' title='bbox 1551 267 1788 318; x_wconf 87' lang='lat' dir='ltr'>nonnul-</span> 
     </span>
     <span class='ocr_line' id='line_1_3' title="bbox 164 327 1787 405; baseline 0.002 -20"><span class='ocrx_word' id='word_1_13' title='bbox 164 336 229 386; x_wconf 81' lang='lat' dir='ltr'>lis</span> <span class='ocrx_word' id='word_1_14' title='bbox 269 327 577 392; x_wconf 84' lang='lat' dir='ltr'>minoribus,</span> <span class='ocrx_word' id='word_1_15' title='bbox 625 331 977 399; x_wconf 80' lang='lat' dir='ltr'>irregularibus</span> <span class='ocrx_word' id='word_1_16' title='bbox 1014 347 1220 400; x_wconf 71' lang='lat' dir='ltr'>notataz,</span> <span class='ocrx_word' id='word_1_17' title='bbox 1266 338 1480 388; x_wconf 88' lang='lat' dir='ltr'>dilutius</span> <span class='ocrx_word' id='word_1_18' title='bbox 1517 340 1787 405; x_wconf 80' lang='lat' dir='ltr'>rufo-pi-</span> 
     </span>
     <span class='ocr_line' id='line_1_4' title="bbox 165 400 1784 475; baseline 0.003 -24"><span class='ocrx_word' id='word_1_19' title='bbox 165 423 281 465; x_wconf 88' lang='lat' dir='ltr'>cea,</span> <span class='ocrx_word' id='word_1_20' title='bbox 320 400 508 462; x_wconf 85' lang='lat' dir='ltr'>nitida,</span> <span class='ocrx_word' id='word_1_21' title='bbox 548 400 745 467; x_wconf 84' lang='lat' dir='ltr'>pallido</span> <span class='ocrx_word' id='word_1_22' title='bbox 784 402 987 454; x_wconf 83' lang='lat' dir='ltr'>villosa.</span> <span class='ocrx_word' id='word_1_23' title='bbox 1063 406 1256 472; x_wconf 84' lang='lat' dir='ltr'>Cor-pus</span> <span class='ocrx_word' id='word_1_24' title='bbox 1297 410 1474 457; x_wconf 81' lang='lat' dir='ltr'><strong>subtus</strong></span> <span class='ocrx_word' id='word_1_25' title='bbox 1511 411 1784 475; x_wconf 86' lang='lat' dir='ltr'>ruso-pi-</span> 
     </span>
     <span class='ocr_line' id='line_1_5' title="bbox 166 471 1783 542; baseline 0.004 -19"><span class='ocrx_word' id='word_1_26' title='bbox 166 492 337 531; x_wconf 87' lang='lat' dir='ltr'>ceum,</span> <span class='ocrx_word' id='word_1_27' title='bbox 375 489 520 538; x_wconf 87' lang='lat' dir='ltr'>parce</span> <span class='ocrx_word' id='word_1_28' title='bbox 558 483 607 519; x_wconf 88' lang='lat' dir='ltr'>et</span> <span class='ocrx_word' id='word_1_29' title='bbox 643 471 898 521; x_wconf 85' lang='lat' dir='ltr'><strong>subtiliter</strong></span> <span class='ocrx_word' id='word_1_30' title='bbox 934 475 1323 539; x_wconf 81' lang='lat' dir='ltr'>punctulatum.¹</span> <span class='ocrx_word' id='word_1_31' title='bbox 1383 479 1545 529; x_wconf 86' lang='lat' dir='ltr'>Pedes</span> <span class='ocrx_word' id='word_1_32' title='bbox 1583 482 1783 542; x_wconf 79' lang='lat' dir='ltr'>breveS,</span> 
     </span>
     <span class='ocr_line' id='line_1_6' title="bbox 167 540 1086 608; baseline 0.001 -14"><span class='ocrx_word' id='word_1_33' title='bbox 167 544 357 605; x_wconf 84' lang='lat' dir='ltr'>validi,</span> <span class='ocrx_word' id='word_1_34' title='bbox 395 540 583 608; x_wconf 88' lang='lat' dir='ltr'>pallide</span> <span class='ocrx_word' id='word_1_35' title='bbox 619 544 854 605; x_wconf 83' lang='lat' dir='ltr'>testacei,</span> <span class='ocrx_word' id='word_1_36' title='bbox 893 543 1086 595; x_wconf 86' lang='lat' dir='ltr'>villosi.</span> 
     </span>
    </p>
   </div>
   <div class='ocr_carea' id='block_1_3' title="bbox 168 676 1784 1138">
    <p class='ocr_par' dir='ltr' id='par_1_3' title="bbox 168 676 1784 1138">
     <span class='ocr_line' id='line_1_7' title="bbox 168 676 1784 758; baseline 0.004 -25"><span class='ocrx_word' id='word_1_37' title='bbox 168 681 206 738; x_wconf 82' lang='lat'>5</span> <span class='ocrx_word' id='word_1_38' title='bbox 227 712 267 723; x_wconf 80' lang='lat'>—-</span> <span class='ocrx_word' id='word_1_39' title='bbox 289 683 345 734; x_wconf 69' lang='lat'>4.</span> <span class='ocrx_word' id='word_1_40' title='bbox 391 676 460 734; x_wconf 88' lang='lat' dir='ltr'>B.</span> <span class='ocrx_word' id='word_1_41' title='bbox 511 698 588 734; x_wconf 88' lang='lat' dir='ltr'>su</span> <span class='ocrx_word' id='word_1_42' title='bbox 606 686 680 733; x_wconf 87' lang='lat' dir='ltr'>tu</span> <span class='ocrx_word' id='word_1_43' title='bbox 701 698 731 733; x_wconf 89' lang='lat' dir='ltr'>r</span> <span class='ocrx_word' id='word_1_44' title='bbox 750 698 782 733; x_wconf 90' lang='lat' dir='ltr'>a</span> <span class='ocrx_word' id='word_1_45' title='bbox 801 677 849 733; x_wconf 86' lang='lat' dir='ltr'>li</span> <span class='ocrx_word' id='word_1_46' title='bbox 870 697 923 735; x_wconf 92' lang='lat' dir='ltr'>s:</span> <span class='ocrx_word' id='word_1_47' title='bbox 978 678 1223 736; x_wconf 86' lang='lat' dir='ltr'>linearis</span> <span class='ocrx_word' id='word_1_48' title='bbox 1245 724 1263 754; x_wconf 89' lang='lat'>,</span> <span class='ocrx_word' id='word_1_49' title='bbox 1308 681 1511 756; x_wconf 83' lang='lat' dir='ltr'>niger,</span> <span class='ocrx_word' id='word_1_50' title='bbox 1557 683 1784 758; x_wconf 86' lang='lat' dir='ltr'>pallide</span> 
     </span>
     <span class='ocr_line' id='line_1_8' title="bbox 281 753 1784 852; baseline 0.002 -21"><span class='ocrx_word' id='word_1_51' title='bbox 281 773 562 844; x_wconf 78' lang='lat' dir='ltr'>villosus,</span> <span class='ocrx_word' id='word_1_52' title='bbox 609 776 886 830; x_wconf 81' lang='lat' dir='ltr'>antennis</span> <span class='ocrx_word' id='word_1_53' title='bbox 909 753 1203 852; x_wconf 65' lang='lat' dir='ltr'>tar-sisque</span> <span class='ocrx_word' id='word_1_54' title='bbox 1230 777 1486 852; x_wconf 78' lang='lat' dir='ltr'>pallidis,</span> <span class='ocrx_word' id='word_1_55' title='bbox 1536 777 1784 835; x_wconf 75' lang='lat' dir='ltr'>thorace</span> 
     </span>
     <span class='ocr_line' id='line_1_9' title="bbox 281 869 1783 950; baseline 0.003 -26"><span class='ocrx_word' id='word_1_56' title='bbox 281 872 757 947; x_wconf 83' lang='lat' dir='ltr'>punctatissimo,</span> <span class='ocrx_word' id='word_1_57' title='bbox 776 869 982 944; x_wconf 80' lang='lat' dir='ltr'>elylris</span> <span class='ocrx_word' id='word_1_58' title='bbox 1000 875 1206 928; x_wconf 82' lang='lat' dir='ltr'>striato</span> <span class='ocrx_word' id='word_1_59' title='bbox 1220 902 1256 912; x_wconf 90' lang='lat'>—-</span> <span class='ocrx_word' id='word_1_60' title='bbox 1274 876 1591 947; x_wconf 75' lang='lat' dir='ltr'>punctalis,</span> <span class='ocrx_word' id='word_1_61' title='bbox 1613 876 1783 950; x_wconf 81' lang='lat' dir='ltr'>apice</span> 
     </span>
     <span class='ocr_line' id='line_1_10' title="bbox 280 965 1781 1042; baseline 0.002 -19"><span class='ocrx_word' id='word_1_62' title='bbox 280 965 460 1035; x_wconf 79' lang='lat' dir='ltr'>ruiiS‚</span> <span class='ocrx_word' id='word_1_63' title='bbox 507 968 743 1036; x_wconf 78' lang='lat' dir='ltr'>retusiS,</span> <span class='ocrx_word' id='word_1_64' title='bbox 791 965 1003 1024; x_wconf 84' lang='lat' dir='ltr'>obtuse</span> <span class='ocrx_word' id='word_1_65' title='bbox 1035 969 1444 1042; x_wconf 64' lang='lat' dir='ltr'>tuber-eulatie,</span> <span class='ocrx_word' id='word_1_66' title='bbox 1496 970 1641 1026; x_wconf 86' lang='lat' dir='ltr'>stria</span> <span class='ocrx_word' id='word_1_67' title='bbox 1671 989 1781 1026; x_wconf 85' lang='lat' dir='ltr'>su-</span> 
     </span>
     <span class='ocr_line' id='line_1_11' title="bbox 283 1060 828 1138; baseline 0.004 -21"><span class='ocrx_word' id='word_1_68' title='bbox 283 1060 468 1117; x_wconf 78' lang='lat' dir='ltr'>turali</span> <span class='ocrx_word' id='word_1_69' title='bbox 508 1061 828 1138; x_wconf 84' lang='lat' dir='ltr'>profunda.</span> 
     </span>
    </p>
   </div>
   <div class='ocr_carea' id='block_1_4' title="bbox 249 1164 846 1243">
    <p class='ocr_par' dir='ltr' id='par_1_4' title="bbox 249 1164 846 1243">
     <span class='ocr_line' id='line_1_12' title="bbox 249 1164 846 1243; baseline -0.01 -17"><span class='ocrx_word' id='word_1_70' title='bbox 249 1164 389 1240; x_wconf 75' lang='lat' dir='ltr'>Dej.</span> <span class='ocrx_word' id='word_1_71' title='bbox 436 1164 562 1223; x_wconf 74' lang='lat' dir='ltr'>Cat.</span> <span class='ocrx_word' id='word_1_72' title='bbox 602 1185 662 1243; x_wconf 77' lang='lat' dir='ltr'>p.</span> <span class='ocrx_word' id='word_1_73' title='bbox 710 1183 846 1222; x_wconf 86' lang='lat'>101.</span> 
     </span>
    </p>
   </div>
   <div class='ocr_carea' id='block_1_5' title="bbox 252 1268 1780 1423">
    <p class='ocr_par' dir='ltr' id='par_1_5' title="bbox 252 1268 1780 1423">
     <span class='ocr_line' id='line_1_13' title="bbox 252 1268 1780 1346; baseline -0.003 -15"><span class='ocrx_word' id='word_1_74' title='bbox 252 1272 403 1331; x_wconf 84' lang='lat' dir='ltr'>Var.</span> <span class='ocrx_word' id='word_1_75' title='bbox 431 1268 497 1343; x_wconf 84' lang='lat' dir='ltr'>b,</span> <span class='ocrx_word' id='word_1_76' title='bbox 545 1271 751 1344; x_wconf 87' lang='lat' dir='ltr'>elytris</span> <span class='ocrx_word' id='word_1_77' title='bbox 786 1270 923 1325; x_wconf 79' lang='lat' dir='ltr'>totis</span> <span class='ocrx_word' id='word_1_78' title='bbox 950 1268 1543 1346; x_wconf 78' lang='lat' dir='ltr'>rufo—ferrugineiS‚</span> <span class='ocrx_word' id='word_1_79' title='bbox 1593 1270 1780 1346; x_wconf 87' lang='lat' dir='ltr'>pedi—</span> 
     </span>
     <span class='ocr_line' id='line_1_14' title="bbox 337 1367 1055 1423; baseline -0.001 0"><span class='ocrx_word' id='word_1_80' title='bbox 337 1367 449 1423; x_wconf 88' lang='lat' dir='ltr'>bus</span> <span class='ocrx_word' id='word_1_81' title='bbox 483 1367 728 1423; x_wconf 82' lang='lat' dir='ltr'>dilutius</span> <span class='ocrx_word' id='word_1_82' title='bbox 764 1367 1055 1422; x_wconf 78' lang='lat' dir='ltr'>testaceis,</span> 
     </span>
    </p>
   </div>
   <div class='ocr_carea' id='block_1_6' title="bbox 250 1474 1778 1628">
    <p class='ocr_par' dir='ltr' id='par_1_6' title="bbox 250 1474 1778 1628">
     <span class='ocr_line' id='line_1_15' title="bbox 250 1474 1778 1549; baseline -0.001 -16"><span class='ocrx_word' id='word_1_83' title='bbox 250 1476 397 1533; x_wconf 85' lang='lat' dir='ltr'>Var.</span> <span class='ocrx_word' id='word_1_84' title='bbox 440 1496 504 1547; x_wconf 82' lang='grc' dir='ltr'>ο,</span> <span class='ocrx_word' id='word_1_85' title='bbox 551 1495 807 1549; x_wconf 84' lang='lat' dir='ltr'>corpore</span> <span class='ocrx_word' id='word_1_86' title='bbox 846 1484 974 1531; x_wconf 89' lang='lat' dir='ltr'>toto</span> <span class='ocrx_word' id='word_1_87' title='bbox 1014 1483 1117 1531; x_wconf 86' lang='lat' dir='ltr'>aut</span> <span class='ocrx_word' id='word_1_88' title='bbox 1149 1474 1337 1531; x_wconf 87' lang='lat' dir='ltr'>rufo—</span> <span class='ocrx_word' id='word_1_89' title='bbox 1361 1475 1637 1532; x_wconf 88' lang='lat' dir='ltr'>brunneo</span> <span class='ocrx_word' id='word_1_90' title='bbox 1675 1483 1778 1531; x_wconf 89' lang='lat' dir='ltr'>aut</span> 
     </span>
     <span class='ocr_line' id='line_1_16' title="bbox 338 1572 905 1628; baseline -0.002 -1"><span class='ocrx_word' id='word_1_91' title='bbox 338 1572 582 1628; x_wconf 76' lang='lat' dir='ltr'>dilutius</span> <span class='ocrx_word' id='word_1_92' title='bbox 625 1581 905 1627; x_wconf 81' lang='lat' dir='ltr'>testaceO.</span> 
     </span>
    </p>
   </div>
   <div class='ocr_carea' id='block_1_7' title="bbox 252 1678 1683 1757">
    <p class='ocr_par' dir='ltr' id='par_1_7' title="bbox 252 1678 1683 1757">
     <span class='ocr_line' id='line_1_17' title="bbox 252 1678 1683 1757; baseline -0.002 -17"><span class='ocrx_word' id='word_1_93' title='bbox 252 1681 504 1740; x_wconf 83' lang='lat' dir='ltr'>Habitat</span> <span class='ocrx_word' id='word_1_94' title='bbox 533 1681 642 1738; x_wconf 87' lang='lat' dir='ltr'>sub</span> <span class='ocrx_word' id='word_1_95' title='bbox 671 1682 892 1737; x_wconf 85' lang='lat' dir='ltr'>cortice</span> <span class='ocrx_word' id='word_1_96' title='bbox 922 1680 1056 1735; x_wconf 84' lang='lat' dir='ltr'>Pini</span> <span class='ocrx_word' id='word_1_97' title='bbox 1083 1688 1140 1735; x_wconf 82' lang='lat' dir='ltr'>et</span> <span class='ocrx_word' id='word_1_98' title='bbox 1170 1678 1400 1737; x_wconf 78' lang='lat' dir='ltr'>Abietis</span> <span class='ocrx_word' id='word_1_99' title='bbox 1441 1681 1683 1757; x_wconf 84' lang='lat' dir='ltr'>passim.</span> 
     </span>
    </p>
   </div>
   <div class='ocr_carea' id='block_1_8' title="bbox 157 1780 1780 2970">
    <p class='ocr_par' dir='ltr' id='par_1_8' title="bbox 157 1780 1780 2970">
     <span class='ocr_line' id='line_1_18' title="bbox 272 1780 1778 1848; baseline -0.002 -16"><span class='ocrx_word' id='word_1_100' title='bbox 272 1784 333 1834; x_wconf 87' lang='lat' dir='ltr'>B.</span> <span class='ocrx_word' id='word_1_101' title='bbox 382 1783 641 1832; x_wconf 87' lang='lat' dir='ltr'>Laricis</span> <span class='ocrx_word' id='word_1_102' title='bbox 691 1781 871 1831; x_wconf 86' lang='lat' dir='ltr'>similis</span> <span class='ocrx_word' id='word_1_103' title='bbox 924 1792 973 1830; x_wconf 91' lang='lat' dir='ltr'>et</span> <span class='ocrx_word' id='word_1_104' title='bbox 1019 1782 1214 1843; x_wconf 84' lang='lat' dir='ltr'>affinis,</span> <span class='ocrx_word' id='word_1_105' title='bbox 1264 1781 1350 1831; x_wconf 90' lang='lat' dir='ltr'>sed</span> <span class='ocrx_word' id='word_1_106' title='bbox 1400 1780 1559 1848; x_wconf 87' lang='lat' dir='ltr'>duplo</span> <span class='ocrx_word' id='word_1_107' title='bbox 1599 1783 1778 1842; x_wconf 87' lang='lat' dir='ltr'>minor,</span> 
     </span>
     <span class='ocr_line' id='line_1_19' title="bbox 164 1850 1778 1919; baseline -0.002 -16"><span class='ocrx_word' id='word_1_108' title='bbox 164 1855 450 1918; x_wconf 69' lang='lat' dir='ltr'>angustior,</span> <span class='ocrx_word' id='word_1_109' title='bbox 498 1853 679 1901; x_wconf 84' lang='lat' dir='ltr'>thorax</span> <span class='ocrx_word' id='word_1_110' title='bbox 728 1854 919 1919; x_wconf 88' lang='lat' dir='ltr'>postice</span> <span class='ocrx_word' id='word_1_111' title='bbox 956 1853 1217 1900; x_wconf 77' lang='lat' dir='ltr'>confertim</span> <span class='ocrx_word' id='word_1_112' title='bbox 1255 1864 1556 1918; x_wconf 83' lang='lat' dir='ltr'>punctatus,</span> <span class='ocrx_word' id='word_1_113' title='bbox 1615 1850 1778 1916; x_wconf 86' lang='lat' dir='ltr'>elytra</span> 
     </span>
     <span class='ocr_line' id='line_1_20' title="bbox 165 1921 1780 1991; baseline -0.002 -18"><span class='ocrx_word' id='word_1_114' title='bbox 165 1927 306 1991; x_wconf 83' lang='lat' dir='ltr'>apice</span> <span class='ocrx_word' id='word_1_115' title='bbox 346 1943 446 1973; x_wconf 89' lang='lat' dir='ltr'>non</span> <span class='ocrx_word' id='word_1_116' title='bbox 485 1934 966 1984; x_wconf 58' lang='lat' dir='ltr'>excavato-fretusa,</span> <span class='ocrx_word' id='word_1_117' title='bbox 1004 1921 1148 1970; x_wconf 87' lang='lat' dir='ltr'>aliter</span> <span class='ocrx_word' id='word_1_118' title='bbox 1184 1922 1491 1971; x_wconf 82' lang='lat' dir='ltr'>tuberculata</span> <span class='ocrx_word' id='word_1_119' title='bbox 1529 1934 1620 1973; x_wconf 84' lang='lat' dir='ltr'>eto.</span> <span class='ocrx_word' id='word_1_120' title='bbox 1672 1922 1780 1970; x_wconf 90' lang='lat' dir='ltr'>Ca—</span> 
     </span>
     <span class='ocr_line' id='line_1_21' title="bbox 164 1991 1779 2062; baseline -0.002 -19"><span class='ocrx_word' id='word_1_121' title='bbox 164 2008 256 2062; x_wconf 85' lang='lat' dir='ltr'>put</span> <span class='ocrx_word' id='word_1_122' title='bbox 295 2013 540 2061; x_wconf 86' lang='lat' dir='ltr'>parvum,</span> <span class='ocrx_word' id='word_1_123' title='bbox 588 1994 870 2054; x_wconf 85' lang='lat' dir='ltr'>deflexum,</span> <span class='ocrx_word' id='word_1_124' title='bbox 907 1993 1102 2057; x_wconf 69' lang='lat' dir='ltr'>nigrum</span> <span class='ocrx_word' id='word_1_125' title='bbox 1126 2031 1138 2053; x_wconf 90' lang='lat'>,</span> <span class='ocrx_word' id='word_1_126' title='bbox 1179 2005 1509 2059; x_wconf 77' lang='lat' dir='ltr'>punctatum,</span> <span class='ocrx_word' id='word_1_127' title='bbox 1548 1991 1779 2058; x_wconf 82' lang='lat' dir='ltr'>pallido-</span> 
     </span>
     <span class='ocr_line' id='line_1_22' title="bbox 163 2061 1777 2130; baseline -0.002 -15"><span class='ocrx_word' id='word_1_128' title='bbox 163 2065 437 2126; x_wconf 77' lang='lat' dir='ltr'>villosum,</span> <span class='ocrx_word' id='word_1_129' title='bbox 486 2065 719 2113; x_wconf 84' lang='lat' dir='ltr'>antennis</span> <span class='ocrx_word' id='word_1_130' title='bbox 756 2064 1013 2122; x_wconf 80' lang='lat' dir='ltr'>testaceis,</span> <span class='ocrx_word' id='word_1_131' title='bbox 1063 2061 1203 2111; x_wconf 84' lang='lat' dir='ltr'>clava</span> <span class='ocrx_word' id='word_1_132' title='bbox 1256 2062 1457 2130; x_wconf 85' lang='lat' dir='ltr'>pallida.</span> <span class='ocrx_word' id='word_1_133' title='bbox 1533 2062 1777 2111; x_wconf 83' lang='lat' dir='ltr'>Thoracis</span> 
     </span>
     <span class='ocr_line' id='line_1_23' title="bbox 165 2133 1775 2200; baseline -0.002 -17"><span class='ocrx_word' id='word_1_134' title='bbox 165 2146 408 2185; x_wconf 81' lang='lat' dir='ltr'>structura</span> <span class='ocrx_word' id='word_1_135' title='bbox 455 2145 511 2183; x_wconf 88' lang='lat' dir='ltr'>ut</span> <span class='ocrx_word' id='word_1_136' title='bbox 560 2135 613 2182; x_wconf 90' lang='lat' dir='ltr'>in</span> <span class='ocrx_word' id='word_1_137' title='bbox 667 2136 719 2181; x_wconf 81' lang='grc' dir='ltr'>Β.</span> <span class='ocrx_word' id='word_1_138' title='bbox 760 2133 1054 2192; x_wconf 72' lang='lat' dir='ltr'>Lar-icis,</span> <span class='ocrx_word' id='word_1_139' title='bbox 1104 2144 1241 2182; x_wconf 87' lang='lat' dir='ltr'>totus</span> <span class='ocrx_word' id='word_1_140' title='bbox 1292 2135 1462 2200; x_wconf 82' lang='lat' dir='ltr'>niger,</span> <span class='ocrx_word' id='word_1_141' title='bbox 1511 2135 1571 2181; x_wconf 90' lang='lat' dir='ltr'>ab</span> <span class='ocrx_word' id='word_1_142' title='bbox 1633 2133 1775 2197; x_wconf 89' lang='lat' dir='ltr'>apice</span> 
     </span>
     <span class='ocr_line' id='line_1_24' title="bbox 164 2203 1777 2270; baseline -0.002 -17"><span class='ocrx_word' id='word_1_143' title='bbox 164 2206 227 2254; x_wconf 85' lang='lat' dir='ltr'>ad</span> <span class='ocrx_word' id='word_1_144' title='bbox 263 2206 486 2253; x_wconf 85' lang='lat' dir='ltr'>medium</span> <span class='ocrx_word' id='word_1_145' title='bbox 537 2204 897 2253; x_wconf 78' lang='lat' dir='ltr'>confertissime</span> <span class='ocrx_word' id='word_1_146' title='bbox 933 2203 1606 2270; x_wconf 76' lang='lat' dir='ltr'>tuberculato-rugulosus,</span> <span class='ocrx_word' id='word_1_147' title='bbox 1659 2203 1777 2250; x_wconf 87' lang='lat' dir='ltr'>dein</span> 
     </span>
     <span class='ocr_line' id='line_1_25' title="bbox 164 2273 1777 2340; baseline -0.003 -17"><span class='ocrx_word' id='word_1_148' title='bbox 164 2277 426 2324; x_wconf 85' lang='lat' dir='ltr'>confertim</span> <span class='ocrx_word' id='word_1_149' title='bbox 479 2287 527 2324; x_wconf 88' lang='lat' dir='ltr'>et</span> <span class='ocrx_word' id='word_1_150' title='bbox 583 2285 658 2324; x_wconf 87' lang='lat' dir='ltr'>sat</span> <span class='ocrx_word' id='word_1_151' title='bbox 707 2273 959 2340; x_wconf 85' lang='lat' dir='ltr'>profunde</span> <span class='ocrx_word' id='word_1_152' title='bbox 1008 2285 1306 2338; x_wconf 87' lang='lat' dir='ltr'>punctatus,</span> <span class='ocrx_word' id='word_1_153' title='bbox 1364 2273 1532 2322; x_wconf 87' lang='lat' dir='ltr'>relicta</span> <span class='ocrx_word' id='word_1_154' title='bbox 1581 2284 1777 2321; x_wconf 88' lang='lat' dir='ltr'>tantum</span> 
     </span>
     <span class='ocr_line' id='line_1_26' title="bbox 163 2341 1776 2412; baseline -0.004 -18"><span class='ocrx_word' id='word_1_155' title='bbox 163 2345 299 2394; x_wconf 89' lang='lat' dir='ltr'>linea</span> <span class='ocrx_word' id='word_1_156' title='bbox 335 2357 543 2412; x_wconf 85' lang='lat' dir='ltr'>angusta</span> <span class='ocrx_word' id='word_1_157' title='bbox 586 2345 742 2405; x_wconf 79' lang='lat' dir='ltr'>laevi,</span> <span class='ocrx_word' id='word_1_158' title='bbox 780 2343 965 2409; x_wconf 82' lang='lat' dir='ltr'>polita,</span> <span class='ocrx_word' id='word_1_159' title='bbox 1003 2360 1029 2390; x_wconf 88' lang='lat' dir='ltr'>a</span> <span class='ocrx_word' id='word_1_160' title='bbox 1067 2343 1235 2392; x_wconf 84' lang='lat' dir='ltr'>medio</span> <span class='ocrx_word' id='word_1_161' title='bbox 1273 2343 1334 2392; x_wconf 90' lang='lat' dir='ltr'>ad</span> <span class='ocrx_word' id='word_1_162' title='bbox 1369 2345 1531 2394; x_wconf 86' lang='lat' dir='ltr'>basin.</span> <span class='ocrx_word' id='word_1_163' title='bbox 1601 2341 1776 2406; x_wconf 77' lang='lat' dir='ltr'>Elytra</span> 
     </span>
     <span class='ocr_line' id='line_1_27' title="bbox 161 2412 1779 2482; baseline -0.003 -18"><span class='ocrx_word' id='word_1_164' title='bbox 161 2416 362 2464; x_wconf 80' lang='lat' dir='ltr'>thorace</span> <span class='ocrx_word' id='word_1_165' title='bbox 398 2415 550 2482; x_wconf 86' lang='lat' dir='ltr'>paulo</span> <span class='ocrx_word' id='word_1_166' title='bbox 591 2415 877 2479; x_wconf 81' lang='lat' dir='ltr'>angustiora</span> <span class='ocrx_word' id='word_1_167' title='bbox 914 2413 1000 2462; x_wconf 91' lang='lat' dir='ltr'>sed</span> <span class='ocrx_word' id='word_1_168' title='bbox 1040 2413 1254 2463; x_wconf 88' lang='lat' dir='ltr'>dimidio</span> <span class='ocrx_word' id='word_1_169' title='bbox 1291 2413 1548 2480; x_wconf 82' lang='lat' dir='ltr'>longiora,</span> <span class='ocrx_word' id='word_1_170' title='bbox 1600 2412 1779 2477; x_wconf 81' lang='lat' dir='ltr'>cylin-</span> 
     </span>
     <span class='ocr_line' id='line_1_28' title="bbox 163 2485 1777 2550; baseline -0.002 -18"><span class='ocrx_word' id='word_1_171' title='bbox 163 2485 312 2548; x_wconf 88' lang='lat' dir='ltr'>drica‚</span> <span class='ocrx_word' id='word_1_172' title='bbox 351 2498 427 2534; x_wconf 86' lang='lat' dir='ltr'>sat</span> <span class='ocrx_word' id='word_1_173' title='bbox 469 2485 713 2550; x_wconf 83' lang='lat' dir='ltr'>profunde</span> <span class='ocrx_word' id='word_1_174' title='bbox 743 2486 1229 2549; x_wconf 51' lang='lat' dir='ltr'>striath-punctata,</span> <span class='ocrx_word' id='word_1_175' title='bbox 1269 2487 1383 2534; x_wconf 86' lang='lat' dir='ltr'>stria</span> <span class='ocrx_word' id='word_1_176' title='bbox 1423 2494 1620 2531; x_wconf 85' lang='lat' dir='ltr'>suturae</span> <span class='ocrx_word' id='word_1_177' title='bbox 1648 2500 1777 2548; x_wconf 45' lang='lat' dir='ltr'>proff-</span> 
     </span>
     <span class='ocr_line' id='line_1_29' title="bbox 162 2553 1773 2622; baseline -0.002 -18"><span class='ocrx_word' id='word_1_178' title='bbox 162 2556 298 2604; x_wconf 83' lang='lat' dir='ltr'>xima</span> <span class='ocrx_word' id='word_1_179' title='bbox 359 2556 679 2622; x_wconf 72' lang='lat' dir='ltr'>profundior,</span> <span class='ocrx_word' id='word_1_180' title='bbox 741 2555 1023 2602; x_wconf 83' lang='lat' dir='ltr'>interstitiis</span> <span class='ocrx_word' id='word_1_181' title='bbox 1075 2553 1269 2620; x_wconf 88' lang='lat' dir='ltr'>planis,</span> <span class='ocrx_word' id='word_1_182' title='bbox 1332 2553 1534 2618; x_wconf 87' lang='lat' dir='ltr'>punctis</span> <span class='ocrx_word' id='word_1_183' title='bbox 1589 2554 1773 2618; x_wconf 81' lang='lat' dir='ltr'>parvis,</span> 
     </span>
     <span class='ocr_line' id='line_1_30' title="bbox 159 2624 1776 2691; baseline -0.003 -18"><span class='ocrx_word' id='word_1_184' title='bbox 159 2627 388 2687; x_wconf 84' lang='lat' dir='ltr'>remotis,</span> <span class='ocrx_word' id='word_1_185' title='bbox 427 2625 815 2691; x_wconf 20' lang='lat' dir='ltr'>simplicilserie</span> <span class='ocrx_word' id='word_1_186' title='bbox 850 2626 1064 2686; x_wconf 84' lang='lat' dir='ltr'>notatis;</span> <span class='ocrx_word' id='word_1_187' title='bbox 1106 2627 1271 2690; x_wconf 85' lang='lat' dir='ltr'>nigra,</span> <span class='ocrx_word' id='word_1_188' title='bbox 1325 2625 1465 2688; x_wconf 87' lang='lat' dir='ltr'>apice</span> <span class='ocrx_word' id='word_1_189' title='bbox 1502 2624 1638 2685; x_wconf 85' lang='lat' dir='ltr'>rufa,</span> <span class='ocrx_word' id='word_1_190' title='bbox 1687 2642 1776 2671; x_wconf 58' lang='lat'>122-</span> 
     </span>
     <span class='ocr_line' id='line_1_31' title="bbox 159 2692 1771 2758; baseline -0.001 -15"><span class='ocrx_word' id='word_1_191' title='bbox 159 2705 288 2755; x_wconf 80' lang='lat' dir='ltr'>tusa,</span> <span class='ocrx_word' id='word_1_192' title='bbox 326 2714 429 2744; x_wconf 89' lang='lat' dir='ltr'>non</span> <span class='ocrx_word' id='word_1_193' title='bbox 471 2714 591 2744; x_wconf 75' lang='lat' dir='ltr'>vero</span> <span class='ocrx_word' id='word_1_194' title='bbox 632 2705 897 2756; x_wconf 79' lang='lat' dir='ltr'>excavata3</span> <span class='ocrx_word' id='word_1_195' title='bbox 934 2696 1173 2758; x_wconf 86' lang='lat' dir='ltr'>utrinque</span> <span class='ocrx_word' id='word_1_196' title='bbox 1208 2694 1478 2742; x_wconf 86' lang='lat' dir='ltr'>tuberculis</span> <span class='ocrx_word' id='word_1_197' title='bbox 1507 2692 1771 2741; x_wconf 85' lang='lat' dir='ltr'>nonnullis</span> 
     </span>
     <span class='ocr_line' id='line_1_32' title="bbox 160 2763 1773 2829; baseline -0.002 -17"><span class='ocrx_word' id='word_1_198' title='bbox 160 2764 477 2813; x_wconf 80' lang='lat' dir='ltr'>difformibus</span> <span class='ocrx_word' id='word_1_199' title='bbox 513 2766 786 2829; x_wconf 73' lang='lat' dir='ltr'>insignitar,</span> <span class='ocrx_word' id='word_1_200' title='bbox 835 2782 860 2810; x_wconf 88' lang='lat' dir='ltr'>a</span> <span class='ocrx_word' id='word_1_201' title='bbox 897 2763 1047 2811; x_wconf 81' lang='lat' dir='ltr'>latere</span> <span class='ocrx_word' id='word_1_202' title='bbox 1084 2765 1337 2829; x_wconf 86' lang='lat' dir='ltr'>inspecta,</span> <span class='ocrx_word' id='word_1_203' title='bbox 1383 2765 1640 2813; x_wconf 83' lang='lat' dir='ltr'>tubercula</span> <span class='ocrx_word' id='word_1_204' title='bbox 1677 2766 1773 2811; x_wconf 79' lang='lat' dir='ltr'>i‘sta</span> 
     </span>
     <span class='ocr_line' id='line_1_33' title="bbox 157 2834 1773 2900; baseline -0.001 -18"><span class='ocrx_word' id='word_1_205' title='bbox 157 2845 258 2882; x_wconf 81' lang='lat' dir='ltr'>tres</span> <span class='ocrx_word' id='word_1_206' title='bbox 295 2835 522 2900; x_wconf 88' lang='lat' dir='ltr'>spinulas</span> <span class='ocrx_word' id='word_1_207' title='bbox 556 2836 806 2894; x_wconf 78' lang='lat' dir='ltr'>referunt,</span> <span class='ocrx_word' id='word_1_208' title='bbox 844 2835 1036 2899; x_wconf 87' lang='lat' dir='ltr'>postico</span> <span class='ocrx_word' id='word_1_209' title='bbox 1074 2834 1352 2895; x_wconf 86' lang='lat' dir='ltr'>remotiore,</span> <span class='ocrx_word' id='word_1_210' title='bbox 1389 2834 1478 2882; x_wconf 88' lang='lat' dir='ltr'>sed</span> <span class='ocrx_word' id='word_1_211' title='bbox 1515 2851 1618 2881; x_wconf 88' lang='lat' dir='ltr'>non</span> <span class='ocrx_word' id='word_1_212' title='bbox 1657 2852 1773 2881; x_wconf 81' lang='lat' dir='ltr'>ma·-</span> 
     </span>
     <span class='ocr_line' id='line_1_34' title="bbox 158 2904 1769 2970; baseline -0.001 -17"><span class='ocrx_word' id='word_1_213' title='bbox 158 2905 262 2968; x_wconf 83' lang='lat' dir='ltr'>jore</span> <span class='ocrx_word' id='word_1_214' title='bbox 312 2905 550 2954; x_wconf 84' lang='lat' dir='ltr'>secundo.</span> <span class='ocrx_word' id='word_1_215' title='bbox 626 2904 820 2968; x_wconf 74' lang='lat' dir='ltr'>Corpus</span> <span class='ocrx_word' id='word_1_216' title='bbox 869 2905 1047 2952; x_wconf 85' lang='lat' dir='ltr'>subtus</span> <span class='ocrx_word' id='word_1_217' title='bbox 1098 2906 1323 2970; x_wconf 79' lang='lat' dir='ltr'>nigrum,</span> <span class='ocrx_word' id='word_1_218' title='bbox 1375 2904 1769 2965; x_wconf 84' lang='lat' dir='ltr'>sub-nitidum,</span> 
     </span>
    </p>
   </div>
   <div class='ocr_carea' id='block_1_9' title="bbox 156 2973 1774 3091">
    <p class='ocr_par' dir='ltr' id='par_1_9' title="bbox 156 2973 1774 3091">
     <span class='ocr_line' id='line_1_35' title="bbox 156 2973 1774 3042; baseline -0.002 -19"><span class='ocrx_word' id='word_1_219' title='bbox 156 2973 409 3024; x_wconf 84' lang='lat' dir='ltr'>subtiliter</span> <span class='ocrx_word' id='word_1_220' title='bbox 442 2973 816 3042; x_wconf 85' lang='lat' dir='ltr'>punctulatum.</span> <span class='ocrx_word' id='word_1_221' title='bbox 888 2973 1053 3025; x_wconf 80' lang='lat' dir='ltr'>Pedes</span> <span class='ocrx_word' id='word_1_222' title='bbox 1090 2976 1297 3039; x_wconf 77' lang='lat' dir='ltr'>breves,</span> <span class='ocrx_word' id='word_1_223' title='bbox 1334 2973 1523 3038; x_wconf 82' lang='lat' dir='ltr'>validi,</span> <span class='ocrx_word' id='word_1_224' title='bbox 1559 2976 1774 3024; x_wconf 60' lang='lat' dir='ltr'>semori-</span> 
     </span>
     <span class='ocr_line' id='line_1_36' title="bbox 1681 3045 1773 3091; baseline 0 0"><span class='ocrx_word' id='word_1_225' title='bbox 1681 3045 1773 3091; x_wconf 89' lang='lat' dir='ltr'>bus</span> 
     </span>
    </p>
   </div>
  </div>
 </body>
</html>
