1905 3330
161 103 290 168 654
557 107 962 187 Appendix
1004 108 1097 167 ad
1138 109 1209 167 P.
1250 111 1407 169 III.

166 270 260 326 8-
284 256 1449 336 9.H.(Saltatrix)Armoraciaez
1493 261 1800 339 oblongo-

281 363 492 428 ovata,
542 356 716 430 nigra
733 398 749 426 ,
795 365 1105 432 punctam,
1155 358 1369 433 elytris
1396 359 1588 432 flavis,
1616 379 1800 426 ‘mar-

282 453 424 528 gine
473 453 640 508 omni
688 452 894 527 nigra,
957 461 1361 512 antennarum
1411 455 1576 530 basi,
1636 456 1800 512 tibiis

286 547 586 622 tarsisque
626 547 854 623 pallide
881 550 1178 606 testaceis,

249 638 383 779 Eng
411 636 587 780 Hegft.
622 633 804 730 2.-75.
837 633 939 696 44.
990 640 1047 697 T
1043 639 1138 698 ab.
1167 636 1300 718 5.f.
1328 633 1387 697 6.
1435 640 1599 716 Illig.
1628 640 1800 716 Mag.

385 765 400 779 .
446 741 473 778 1
528 741 584 781 O.
629 734 729 802 90.
1368 736 1372 739 ·

259 811 522 871 Habitat
561 815 627 870 in
665 814 1020 888 Finlandia,
1071 813 1284 873 Aboae
1321 823 1381 872 et
1425 816 1500 872 ad
1534 814 1798 874 Yllaene

337 908 612 986 Nygard.
679 911 868 969 Dom.
926 912 1111 991 Prof.
1155 911 1466 991 Salzlberg
1520 920 1580 968 et
1625 911 1798 975 Com.

338 1005 804 1065 IVIannerlzeim.

273 1092 468 1143 Similis
519 1095 590 1143 H.
643 1108 1018 1155 nemorum,
1077 1089 1165 1144 sed
1207 1091 1360 1160 paulo
1400 1094 1588 1157 major,
1639 1092 1799 1159 magis

171 1181 431 1226 convexa,
489 1162 726 1212 subtilius
776 1174 1031 1230 punctata.
1108 1164 1273 1230 Caput
1319 1163 1652 1231 triangulare,
1704 1165 1798 1212 n'i-

171 1252 346 1304 grum,
385 1234 622 1295 nitidum,
664 1233 1040 1299 punctulatum,
1081 1252 1164 1283 ore
1201 1234 1424 1296 tumido,
1463 1235 1796 1300 pubescente.

170 1309 443 1356 Antennae
493 1303 817 1370 longitudine
871 1304 1068 1353 dimidii
1126 1305 1376 1371 corporis,
1448 1305 1552 1354 basi
1606 1304 1798 1370 pallide

170 1388 446 1436 testaceae,
495 1386 775 1423 extrorsum
814 1376 1105 1435 crassiores,
1157 1376 1342 1441 nigrae.
1417 1373 1624 1423 Thorax
1676 1375 1801 1422 bre-

170 1449 286 1508 vis,
330 1457 677 1505 transversus,
715 1445 877 1492 antice
905 1446 1284 1509 -emarginatus,
1335 1443 1573 1494 lateribus
1609 1455 1801 1493 rotun-

173 1517 347 1578 datus,
388 1516 980 1581 reflexoss-marginatus,
1019 1516 1124 1563 basi
1161 1524 1451 1576 truncatus,
1490 1531 1640 1581 supra
1675 1531 1801 1563 moe-

173 1589 284 1636 dice
323 1603 619 1640 convexus,
659 1596 800 1635 totus
839 1586 1010 1651 niger,
1051 1584 1272 1646 nitidus,
1307 1595 1382 1633 sat
1418 1585 1610 1646 crebre,
1665 1585 1800 1634 sub—

172 1657 331 1708 tiliter
394 1655 740 1723 punctulatus.
840 1654 1122 1704 Scutellum
1184 1653 1515 1721 triangulare,
1580 1656 1800 1720 nigrum,

172 1725 491 1778 sub-laeve.
566 1725 741 1792 Elytra
777 1725 974 1774 thorace
1014 1724 1163 1791 paulo
1199 1724 1370 1774 latiora
1403 1735 1456 1772 et
1491 1724 1595 1773 fere
1634 1726 1800 1790 quin-

171 1797 321 1866 tuplo
361 1797 620 1865 longiora,
658 1797 801 1863 apice
837 1797 1134 1859 rotundata,
1174 1814 1322 1862 supra
1361 1813 1617 1856 convexa,
1676 1793 1800 1860 pal-

171 1869 277 1919 lide
329 1870 488 1929 flava,
544 1867 734 1927 nitida,
795 1877 870 1916 sat
917 1868 1121 1928 crebre,
1183 1867 1430 1916 concinne
1481 1864 1799 1932 punctulata‚

176 1940 485 2006 marginibus
523 1936 812 1986 lateralibus
851 1939 1145 2002 angustius,
1184 1935 1393 1986 suturali
1436 1934 1588 1985 latius
1628 1937 1800 2001 nigris.

179 2010 375 2076 Corpus
414 2010 588 2058 subtus
629 2009 846 2074 nigrum,
887 2008 1103 2056 nitidum
1143 2005 1514 2074 punctulatum.
1587 2007 1800 2054 Femora

175 2082 344 2130 omnia
386 2082 554 2144 nigra,
593 2080 786 2144 postica
828 2094 1037 2142 magna,
1075 2095 1258 2139 erassa3
1296 2077 1598 2125 anteriorum
1635 2092 1800 2143 genua

174 2163 233 2199 ut
272 2162 321 2199 et
358 2151 512 2198 tibiae
553 2160 603 2197 et
641 2149 755 2197 tarsi
794 2151 1050 2210 omnium,
1089 2147 1280 2214 pallide
1318 2157 1549 2196 testacea.

180 2262 238 2320 9.
267 2243 346 2299 H.
392 2239 836 2317 (Saltatrix)
874 2259 1276 2297 nemorum
1322 2239 1569 2317 p.550.
1630 2236 1798 2314 Illig.

292 2337 472 2416 stchg.
524 2338 580 2394 6.
620 2337 907 2412 149.91.

281 2423 406 2476 Obs.
455 2426 596 2474 Vitta
633 2422 907 2488 elytrorum
947 2433 1032 2472 aut
1057 2431 1283 2488 angusta,
1320 2420 1420 2469 fere
1456 2416 1675 2480 linearis,
1710 2422 1798 2466 aut

177 2491 352 2558 latior,
392 2513 540 2561 saepe
577 2505 787 2543 externe
828 2496 881 2542 in
921 2493 1087 2542 medio
1124 2495 1337 2542 sinuata.

273 2573 416 2629 Var.
460 2573 527 2644 b,
577 2575 722 2630 vitta
764 2574 1103 2647 elytrorum
1140 2571 1295 2642 lata,
1347 2569 1492 2626 stria
1519 2567 1796 2642 longi-tu*

347 2669 535 2725 dinali
562 2668 730 2727 fusca
756 2671 817 2724 in
850 2669 998 2723 duas
1033 2668 1237 2723 divisas

268 2761 521 2820 Habitat
545 2766 609 2820 in
640 2764 875 2821 Scania.
927 2764 1113 2821 Dom.
1143 2762 1322 2838 Prof.
1350 2759 1750 2816 Zettersteclt.

187 2877 287 2914 10.
311 2858 390 2914 H.
423 2857 863 2936 (saltatrix)
908 2858 1272 2915 flexuosa
1317 2856 1564 2934 p.,551.-
1625 2853 1794 2928 Illig.

297 2953 476 3034 BIccg.
510 2955 568 3013 6.
607 2954 754 3019 148.
785 2973 892 3031 90.

1580 3055 1680 3099 12.
1717 3035 1797 3096 H..
