1966 3330
240 133 359 215 176
757 123 1255 228 *Co-ceinellcz.

396 273 692 359 currunt,
761 274 1122 363 praesertim
1171 288 1252 365 f,
1280 307 1371 366 p,
1422 306 1487 358 3,
1538 295 1600 361 t,
1651 304 1727 361 ιι,
1775 306 1840 359 ν,

397 401 489 454 w,
539 371 745 460 xjy,
795 396 898 454 ee,
944 382 1064 455 hh,
1113 383 1177 440 ii.
1220 454 1228 461 ἡ
1319 370 1321 374 ’

335 524 535 574 Statura
579 534 631 573 et
684 523 976 591 magnitudo
1032 522 1133 577 sere
1192 523 1248 573 C.
1299 524 1767 590 bipunctatae‚
1815 539 1844 570 a

234 597 382 660 cujus
415 594 740 644 varietatibus
774 594 966 642 ultimis
1006 593 1276 659 praecipue
1315 593 1698 659 distinguuntur
1734 593 1843 640 hu-

233 669 315 730 jus
351 665 686 713 aberrationes
723 665 1058 723 obscuriores,
1110 663 1283 727 elytris
1328 662 1480 711 latius
1539 663 1842 728 marginatis,

233 736 372 785 linea
409 734 606 784 elevata
639 744 920 782 transversa
957 734 1086 781 intra
1123 735 1320 798 apicem
1354 733 1642 794 instructis,
1688 731 1846 797 pecli—

234 807 333 854 bus
368 803 577 871 pallidis
615 814 708 853 etc,
784 802 948 867 Caput
981 820 1226 868 parvum,
1272 802 1559 864 deflexum,
1594 812 1846 868 *punctu—

237 876 425 935 latum‚
464 872 762 939 plerumque
795 871 1075 938 pallidum,
1119 889 1267 938 saepe
1302 882 1469 920 tamen
1507 873 1727 938 margine
1763 872 1848 936 ip—

236 963 294 997 so
331 942 563 995 verticali
600 943 771 1008 nigro,
822 953 873 993 et
917 944 1118 1009 punctis
1154 943 1352 992 duobus
1391 942 1539 992 fuscis
1573 960 1722 1008 supra
1761 957 1847 1004 ost,

241 1017 298 1066 in
335 1014 514 1063 ultima
549 1014 817 1072 varietate,
855 1012 922 1073 ii,
962 1023 1113 1078 caput
1150 1014 1380 1078 nigrum,
1431 1010 1625 1060 macula
1661 1009 1848 1076 pallida

214 1089 384 1152 ,juxta
421 1080 675 1150 singulum
716 1081 936 1133 oculum.
1009 1084 1271 1131 Antennae
1308 1081 1556 1148 pallidae,
1591 1082 1731 1147 apice
1767 1081 1850 1128 fu-

238 1165 533 1213 scescentes.
610 1152 819 1200 Thorax
865 1153 1057 1218 postice
1095 1152 1423 1213 rotundatus,
1470 1152 1634 1203 anticc
1666 1150 1765 1200 late
1797 1161 1850 1199 et

240 1224 496 1293 profunde
543 1221 845 1289 angulariter
890 1222 1245 1286 emarginatus‚
1304 1239 1450 1295 supra
1503 1239 1678 1288 parum
1716 1239 1850 1269 con-

239 1313 436 1354 vexus,
492 1292 823 1347 subtilissime
860 1291 1214 1358 punctulatus,
1265 1290 1558 1358 plerumque
1611 1290 1848 1358 pallidus,

239 1365 490 1414 interdum
543 1362 796 1411 lutescens
833 1361 918 1411 vel
958 1364 1104 1410 etiam
1143 1364 1562 1427 rubro-tinctus;
1600 1374 1714 1410 ante
1750 1365 1851 1410 ba-

242 1438 322 1485 sin
373 1445 563 1501 puncta
610 1433 833 1498 quinque
899 1433 1065 1500 nigra,
1120 1433 1370 1481 interdum
1421 1433 1583 1492 fusca,
1637 1450 1850 1497 quorum

241 1516 455 1571 quatuor
491 1522 658 1552 arcum
695 1502 937 1564 formant,
988 1504 1217 1568 quintum
1257 1502 1469 1552 centrale
1505 1514 1620 1550 ante
1655 1501 1853 1553 scutel—

242 1576 383 1636 lum;
418 1574 540 1621 haec
577 1583 765 1638 puncta
801 1578 953 1634 vero)
991 1574 1256 1638 praecipue
1290 1575 1344 1621 in
1382 1574 1706 1621 varietatibus
1745 1589 1851 1637 po·-

242 1645 530 1695 sterioribus
567 1642 834 1690 dilatantur
872 1654 921 1690 et
957 1645 1239 1702 confluunt,
1276 1642 1434 1690 donec
1461 1642 1664 1690 tandem
1700 1641 1851 1708 plaga

244 1715 411 1771 media
449 1714 590 1779 nigra
628 1724 816 1773 exstat,
856 1711 1042 1760 relictis
1082 1711 1228 1761 lineis
1267 1711 1352 1761 vel
1389 1713 1592 1778 punctis
1624 1713 1850 1760 nonnul-⁴

242 1785 308 1840 lis
356 1785 503 1833 ssavis
551 1793 664 1830 ante
717 1783 938 1830 medium
985 1782 1186 1848 baseos,
1255 1800 1379 1847 quae
1435 1784 1583 1830 etiam
1639 1783 1692 1829 in
1741 1781 1852 1830 aliis

242 1871 447 1923 prorsus
505 1863 831 1905 evanescunt.
931 1852 1209 1901 Scutellum
1273 1871 1486 1918 parvum
1551 1851 1853 1918 triangulare

243 1928 460 1991 nigrum.
532 1922 705 1986 Elytra
745 1940 953 1988 magna,
999 1925 1336 1982 sub-ovata,
1376 1923 1577 1977 modice
1607 1939 1855 1980 convexa,

245 1994 504 2044 confertim
546 1991 867 2057 punctulata,
920 1991 1070 2056 paulo
1111 2004 1227 2040 ante
1278 1993 1472 2064 apicem
1510 1991 1645 2040 linea
1682 2003 1854 2047 trans-

243 2081 416 2123 versa,
465 2061 688 2122 elevata,
745 2073 934 2109 arcuata
988 2063 1256 2128 insignita,
1306 2064 1510 2128 *saepius
1563 2062 1681 2110 satis
1730 2062 1854 2109 evi-

247 2135 401 2192 dens,
436 2133 492 2179 in
529 2130 638 2180 aliis
674 2149 795 2183 vero
834 2130 1084 2196 obsoleta;
1139 2131 1273 2179 color
1322 2143 1371 2179 et
1416 2133 1698 2197 signaturae
1736 2129 1855 2194 ely-

245 2216 430 2253 trorum
467 2204 712 2252 immense
750 2202 967 2264 variant,
1006 2212 1062 2250 ut
1096 2202 1151 2249 in
1191 2201 1511 2268 diagnosibus
1553 2202 1854 2249 varietatum

245 2275 405 2322 fusius
442 2271 659 2319 indicare
697 2273 908 2320 tentavi.
984 2271 1175 2337 Corpus
1212 2275 1388 2325 subtus
1440 2274 1664 2337 nigrum,
1717 2288 1856 2335 pun-

246 2342 518 2403 ctulatum,
568 2341 725 2389 limbo
764 2341 953 2389 ventris
991 2342 1267 2390 rufescente
1295 2353 1352 2403 pt
1394 2340 1588 2389 macula
1637 2337 1855 2388 lateralis

245 2413 435 2479 pallida
484 2413 538 2460 in.
574 2412 738 2459 antico
791 2412 1008 2477 pectoris
1057 2412 1306 2475 utrinque.
1388 2411 1548 2461 Pedes
1596 2412 1720 2472 rufi,
1771 2410 1857 2457 fe-

248 2484 469 2538 moribus
507 2481 777 2530 interdum'
797 2480 1036 2534 nonnihil
1071 2481 1345 2537 infuscatis.

255 2676 364 2715 21.
411 2656 474 2712 C.
519 2655 993 2714 humeralis:
1044 2655 1718 2733 sub—hemisphaerica,
1757 2656 1858 2711 la-

374 2754 492 2834 tius
539 2742 907 2826 marginata,
987 2752 1195 2826 elytris
1261 2736 1422 2807 linea
1474 2751 1861 2808 transversali

373 2847 604 2902 elevata
654 2847 1085 2921 sub—apicali‚
1133 2847 1371 2909 macula
1421 2848 1601 2904 unica
1638 2846 1862 2902 hume-

379 2941 491 3004 rali
541 2941 859 3022 pallidiore
902 2942 1126 3021 lunata}

1616 3028 1863 3091 Sclzcnh.
