1905 3330
181 140 305 223 498
600 132 1002 215 Appendia:
1047 137 1140 197 ad
1178 139 1246 196 P.
1288 140 1387 196 ΙΙ.

186 285 346 337 meris,
372 279 614 341 elevatis,
672 279 772 327 {ere
816 278 1147 346 rectangulis,
1209 281 1407 332 thorace
1455 280 1611 347 paulo
1666 280 1793 331 lon-

187 360 368 423 giora,·
411 351 516 398 basi
565 349 888 399 simultaneae
936 352 1270 414 emarginata‚
1321 353 1463 418 apice
1513 363 1789 400 transverse

185 432 438 482 truncata,
475 437 623 486 supra
660 418 853 467 modice
896 437 1150 480 convexa,
1201 423 1417 470 crebrius
1471 432 1521 469 et
1571 421 1793 486 profan„

188 495 302 542 dius
339 509 488 557 quam
524 490 702 538 thorax
738 500 1246 554 rugoso-punctam,
1294 492 1666 556 nigro—picea,
1703 491 1795 538 ni-

185 564 310 620 tida,
349 560 636 610 evidentius
673 558 1010 624 pubescentia.
1084 559 1346 607 Abdomen
1378 572 1428 608 et
1461 578 1639 625 corpus
1672 561 1794 607 sub-

189 645 271 681 tus
308 642 365 679 ut
401 632 454 678 in
493 628 757 695 prioribus.
830 627 1038 674 Femora
1073 628 1398 694 rufo-picea,
1435 647 1649 697 superne
1686 629 1797 678 sal-

187 713 316 763 tem3
356 701 510 748 tibiae
547 709 597 746 et
625 697 742 745 tarsi
779 695 991 743 dilutius
1026 699 1244 748 testacei.
1777 687 1782 693 ’

303 771 412 820 Var.
460 771 524 828 b,
589 766 751 816 colore
788 764 1021 814 dilutiore
1056 777 1251 816 tantum
1288 766 1457 817 differt
1496 779 1551 817 ut
1587 769 1640 817 in
1678 767 1797 817 dia-

192 841 340 909 gnosi
376 840 581 888 dictum.

192 952 254 998 4.
298 938 375 995 O.
423 936 673 1012 Talpa
722 956 779 1011 p.
818 934 972 991 448.

191 1035 254 1093 5.
306 1033 381 1089 O.
424 1033 832 1088 arenarius
880 1050 937 1104 p.
971 1029 1123 1084 448.

197 1130 254 1186 6.
305 1128 379 1184 O.
423 1133 802 1183 cornutus
855 1144 910 1198 p.
947 1125 1097 1177 450.

301 1213 425 1263 Obs.
475 1211 773 1278 Superficies
812 1210 1055 1276 thoracis,
1091 1209 1247 1275 probe
1285 1209 1525 1274 inspecta,
1563 1208 1796 1258 subtilis-

191 1286 316 1335 sime
370 1281 900 1345 reticulato-strigosa
959 1280 1068 1326 sive
1121 1280 1367 1340 coriacea,
1435 1290 1485 1326 et
1545 1290 1795 1344 praeterea

188 1356 392 1422 punctis
431 1354 628 1418 parvis,
668 1350 874 1398 remotis
915 1347 1176 1413 adspersaz,
1223 1347 1381 1411 elytra
1431 1351 1576 1396 etiam
1616 1351 1799 1414 pariter

190 1423 512 1474 subtilissime
552 1422 801 1479 coriaceaz,
848 1420 900 1466 in
939 1420 1169 1482 sequenti
1204 1436 1323 1468 vero
1362 1417 1540 1466 thorax
1589 1429 1637 1465 et
1675 1418 1798 1482 ely—

192 1506 262 1542 tra
303 1493 501 1559 punctis
538 1487 862 1553 majusculis,
904 1486 1164 1553 oblongis,
1216 1498 1290 1535 sat
1342 1489 1505 1536 crebre
1554 1488 1800 1552 adspersa,

191 1564 454 1628 superficie
504 1561 826 1622 interjacente
891 1555 1042 1605 laevi.
1137 1558 1343 1604 Femina
1406 1555 1471 1605 O.
1532 1559 1798 1606 cornuti

189 1633 358 1682 differt
397 1631 556 1697 capite
595 1627 746 1695 paulo
786 1628 1004 1687 minore,
1054 1628 1274 1688 mutico,
1329 1644 1479 1692 supra
1522 1644 1577 1675 os
1631 1628 1798 1677 minus

184 1705 459 1770 impresso,
499 1711 716 1749 ceterum
756 1695 1027 1746 simillima.

189 1822 247 1876 7.
294 1799 369 1857 O.
419 1800 832 1854 morsitans
880 1816 936 1871 p.
976 1796 1128 1848 451.

271 1890 539 1965 Oaeytelus
563 1888 898 1952 miolano,
947 1885 1207 1957 Ziegler‚
1237 1881 1371 1954 Dej.
1399 1882 1522 1939 Cat.
1554 1902 1613 1958 p.
1642 1879 1739 1941 25.

293 1971 418 2021 Obs.
473 1971 621 2019 Dom.
662 1967 1001 2017 Gravenhorst
1040 1964 1076 2015 l.
1117 1984 1177 2024 c.,
1215 1965 1451 2011 feminam
1492 1965 1791 2029 praeceden-

182 2045 246 2093 tis
284 2060 396 2090 cum
435 2040 527 2087 hac
566 2040 733 2105 specie
775 2036 1060 2085 confudisse
1099 2035 1336 2088 videtum
1390 2052 1568 2081 verum
1623 2046 1790 2082 tamen

186 2113 250 2162 O.
291 2112 750 2159 morsitantem
790 2109 882 2155 sub
919 2105 1076 2154 oculis
1116 2106 1262 2152 etiam
1302 2103 1549 2160 habuisse,
1592 2121 1653 2151 ex
1692 2105 1785 2151 de-

183 2183 454 2248 scriptione
503 2189 778 2245 puncturae
830 2176 1043 2224 thoracis
1094 2175 1340 2222 minorum
1390 2187 1437 2220 et
1477 2175 1793 2220 minimarum

180 2255 508 2310 varietatum,
543 2250 599 2296 in
636 2248 783 2297 Micr.
827 2248 939 2295 108.
981 2263 1038 2310 9,
1089 2245 1421 2292 confirmatur.
1498 2243 1658 2307 Caput
1688 2260 1794 2289 ma-

181 2325 248 2373 ris
296 2319 447 2387 paulo
500 2321 660 2382 majus
708 2317 947 2375 feminae,
1000 2331 1148 2378 supra
1197 2331 1249 2362 os
1291 2311 1439 2359 valde
1489 2312 1792 2376 depressum,

187 2410 337 2457 saepe
385 2400 717 2449 excavatum3
782 2382 1102 2433 mandibulae
1154 2385 1250 2445 jam
1306 2382 1639 2445 ferruginem,
1694 2382 1792 2441 jam

183 2461 589 2528 nigro-piceae3
625 2455 761 2506 color
797 2455 1069 2519 elytrorum
1107 2464 1155 2501 et
1194 2453 1382 2519 pedum
1419 2450 1691 2501 variabilis.

184 2564 242 2617 8.
295 2559 373 2617 Ο.
425 2563 830 2615 carinatus
874 2553 1115 2628 12452.

184 2675 242 2731 9.
291 2654 366 2712 Ο.
412 2655 684 2730 piceus
733 2671 790 2726 p.
826 2649 979 2704 454.

186 2770 287 2807 10.
329 2748 404 2803 Ο.
449 2730 1001 2823 sculpturatus
1042 2759 1101 2814 p.
1135 2736 1286 2792 456.

185 2865 285 2902 11.
338 2842 412 2910 O.
467 2843 893 2917 depressus
945 2834 1188 2910 p-1357·

181 2957 283 2997 12.
335 2937 409 2992 O.
461 2936 853 2992 nitidulus
904 2951 960 3005 p.
997 2928 1150 2984 458.

1543 3018 1643 3074 15.
1691 3015 1778 3074 O.
