1905 3330
176 134 306 196 656
587 134 977 214 Appendiae
1016 138 1110 196 ad
1146 138 1213 197 P.
1254 142 1397 200 III.

180 293 234 332 et
279 279 553 345 elytrorum
617 280 764 330 striae
822 280 1110 334 evidentius
1175 295 1476 352 punctatae,
1537 302 1688 351 quam
1751 285 1806 334 in

180 361 442 417 sequente.

186 461 243 514 4.
276 458 340 514 C.
387 458 918 534 deplanatum:
972 458 1177 530 breve,
1219 459 1655 536 ferrugineum,
1702 461 1808 517 ni—

298 555 511 625 tidum,
551 555 845 630 glabrum,
875 573 1059 630 supra
1086 554 1212 610 fere
1241 556 1517 631 planum,
1556 557 1808 612 thorace

299 651 510 705 exacte
558 652 881 726 quadram,
927 650 1230 725 profunde
1282 662 1608 726 punctato,
1662 653 1798 728 ely-

298 756 532 801 trorum
564 748 721 802 striis
754 745 1023 801 obsolete
1054 749 1377 821 punctalis

263 842 517 898 Habitat
570 842 678 898 sub
726 842 953 898 cortice
1013 845 1301 898 arborum
1366 851 1799 917 emortuarum,

348 940 701 1013 praesertim
735 937 988 1012 Populi,
1029 940 1227 994 minus
1256 938 1560 1013 frequens,

285 1025 643 1085 praecedenti,
699 1027 982 1090 praesertim
1027 1026 1135 1087 ejus
1181 1044 1283 1074 var.
1337 1027 1399 1086 b,
1456 1024 1799 1089 simillimum3

177 1095 375 1144 differre
415 1108 580 1143 tamen
620 1096 850 1155 videtur,
904 1107 1088 1144 statura
1126 1094 1286 1145 multo
1340 1098 1496 1162 magis
1546 1095 1798 1162 depressa,

174 1166 373 1215 thorace
410 1166 666 1233 longiore,
709 1165 946 1230 quadrato
985 1177 1083 1216 eto.
1159 1166 1323 1232 Caput
1369 1178 1418 1215 et
1458 1178 1704 1214 antennae
1741 1177 1802 1215 ut

172 1235 228 1284 in
267 1237 593 1304 praecedente
632 1238 856 1285 omnino.
935 1237 1142 1285 Thorax
1182 1235 1397 1303 longior,
1453 1249 1624 1285 exacte
1664 1254 1799 1302 qua—

175 1308 374 1369 dratus,
412 1325 559 1372 supra
596 1306 808 1373 planus,
863 1317 939 1355 sat
988 1307 1238 1372 profunde
1275 1319 1578 1374 punctatus,
1629 1307 1798 1355 ferru-

173 1380 369 1447 gineus.
445 1377 734 1442 Elytrorum
770 1376 925 1425 forma
963 1388 1019 1424 ut
1055 1379 1108 1425 in
1147 1379 1320 1443 priori,
1358 1377 1443 1426 sed
1481 1377 1645 1424 adhuc
1681 1394 1799 1424 ma—

175 1450 249 1514 gis
288 1448 553 1514 depressa,
591 1447 752 1514 serrug
738 1448 896 1507 inea,-
938 1447 1113 1508 nitida,
1153 1447 1405 1496 subtiliter
1441 1449 1625 1507 striata,
1664 1448 1798 1495 striis

177 1517 402 1569 obsolete
440 1516 709 1586 punctatis.
785 1517 982 1585 Corpus
1021 1528 1071 1566 et
1097 1517 1252 1585 pedes
1285 1529 1344 1567 ut
1368 1519 1423 1566 in
1460 1517 1796 1586 praecedenti.

519 1651 1171 1714 RnYzoPHAGUS
1236 1671 1288 1721 p.
1326 1654 1449 1704 420.

170 1749 249 1807 R.
293 1747 651 1824 grandis:
703 1746 880 1802 latior
911 1744 1518 1821 rufo-ferrugineus,
1569 1743 1794 1820 glaber,

235 1829 241 1834 ⁸
298 1845 544 1914 nitidus,
577 1842 822 1898 thorace
853 1842 1165 1918 quadram,
1206 1843 1445 1918 parcius
1482 1848 1793 1918 punctato,

294 1941 506 2016 elytris
535 1940 833 1994 concinne
867 1939 1467 2014 punctato—-striatis,
1514 1937 1791 1994 intersti-

292 2039 376 2093 tio
410 2035 676 2091 secundo
714 2055 746 2090 a
779 2042 988 2091 sutura
1015 2037 1211 2091 aulice
1237 2034 1470 2108 latiore,
1521 2035 1813 2110 disperse»

290 2140 598 2207 punctam.

253 2228 504 2286 Habizat
530 2225 639 2282 sub
684 2227 908 2282 cortice
937 2224 1220 2281 arborum
1266 2214 1675 2279 emortuarum
1715 2219 1792 2277 ad

343 2323 686 2399 Sparrsatra
716 2320 1231 2398 &Vestrogothiaffi
1262 2320 1583 2376 rarissime.
1619 2316 1787 2375 Mas„

339 2421 522 2477 Dom.
566 2419 935 2475 Sclziinlzerr.

271 2505 433 2569 Major
468 2505 521 2554 in
559 2503 656 2553 hoc
696 2503 912 2564 Genere,
949 2504 1011 2553 R.
1050 2502 1444 2568 ferrugineo
1483 2495 1634 2565 paulo
1662 2496 1790 2546 lon-

167 2577 275 2643 gior
325 2589 374 2624 et
420 2575 537 2642 plus
590 2593 736 2640 quam
793 2574 1005 2622 dimidio
1058 2572 1216 2621 latior.
1290 2571 1452 2635 Caput
1505 2580 1786 2635 porrectum

165 2647 322 2696 rufo-
337 2647 496 2713 sergru
480 2647 700 2704 ineum,
740 2645 974 2705 nitidum,
1017 2653 1335 2710 punctatum,
1375 2658 1550 2688 versus
1590 2657 1644 2688 os
1682 2658 1786 2686 an·-

166 2729 436 2783 gustatum,
475 2716 638 2762 antice
674 2716 993 2779 impressum,
1030 2712 1188 2761 oculis
1230 2711 1396 2776 parvis
1424 2710 1593 2775 nigris.
1664 2710 1785 2756 An·-

164 2798 427 2835 tennarum
478 2787 608 2834 basis
645 2796 693 2832 et
733 2784 870 2833 clava
909 2783 1127 2850 pallida,
1179 2780 1405 2829 funiculo
1445 2780 1604 2828 rufo-
1573 2781 1783 2858 -piceo.

167 2858 375 2906 Thorax
398 2855 664 2904 latitudine
691 2873 791 2903 non
823 2853 939 2903 lon
912 2858 1035 2920 gior,
1062 2851 1348 2917 quadratus,
1375 2849 1572 2916 angulis
1607 2850 1783 2898 omni-

167 2928 260 2976 bus
298 2929 431 2975 sub-
445 2927 664 2987 obtusis3
704 2925 932 2989 undique
981 2933 1198 2991 anguste
1250 2923 1783 2987 marginatus.sup1a

165 3013 457 3056 convexum,
503 2995 651 3044 r-uso
672 2994 1012 3061 ferrugineus,
1051 2974 1284 3055 nitidus,
1345 2992 1641 3060 perspicue,
1697 2988 1785 3037 sed

1677 3057 1783 3106 mi-
