1966 3330
669 131 1122 206 Coccinella.
1587 148 1705 207 199

99 276 304 330 vulae
350 285 444 325 etc.
494 291 586 339 pro
634 283 763 321 certo
814 272 1248 334 concludendum,
1311 272 1367 324 C.
1418 270 1701 321 flavila-

99 352 272 398 brem
321 362 445 394 sexu
505 341 855 415 tantummodo
920 359 950 388 a
1015 342 1069 390 C.
1116 342 1400 391 frontali
1452 358 1559 390 esse
1612 338 1700 389 di-

100 420 343 467 stinctam.

95 541 201 614 59.
253 537 317 594 C.
357 557 414 593 m
434 557 468 598 a
485 536 646 617 rg‘in
668 555 701 590 a
718 534 844 591 lis:
904 531 1063 588 sub·
1081 531 1558 609 hemisphaerica
1591 533 1694 588 ni-

225 651 362 708 gra,
409 623 762 707 pubescens,
799 619 1006 703 elytris
1034 628 1269 683 macula
1301 648 1515 702 magna
1542 628 1693 684 sub-

210 727 559 802 triangulari
633 725 814 802 rubra
847 766 864 798 ,
952 723 1239 797 angulum
1314 722 1706 778 humeralem

215 830 566 897 occupante.

96 981 102 987 .
169 937 227 1011 a)
282 939 474 1013 capite
527 935 909 1010 thoracisque
966 931 1198 1007 angulis
1250 931 1461 988 enticis
1515 931 1689 988 rufe-

257 1031 573 1089 scentibus.

170 1142 340 1221 Payk.
377 1141 481 1199 Fn.
521 1155 576 1196 2.
615 1155 671 1215 9.
715 1133 773 1193 8.

169 1246 497 1390 (Ιοὲεἱηεῖῖα
520 1243 849 1385 {romulis⁹
900 1240 1064 1316 Illig.
1114 1238 1235 1297 Col.
1272 1237 1411 1295 Bor.
1458 1203 1519 1294 1.
1544 1233 1689 1314 417.

300 1373 312 1387 .
355 1350 484 1388 var.
560 1370 574 1384 .

560 1431 779 1502 morie,
819 1428 1230 1506 SchenkSyn.
1272 1442 1328 1484 2.
1364 1424 1504 1485 204.
1549 1444 1687 1504 177.

124 1587 129 1594 2
165 1542 310 1603 Var.
338 1540 404 1615 b,
451 1541 649 1618 fronte
677 1544 864 1617 nigra,
905 1540 1074 1597 labro
1099 1546 1393 1613 testace03
1437 1537 1685 1593 thorace

252 1639 425 1712 nigro
445 1680 462 1710 ,
511 1638 741 1712 angulis
808 1637 1019 1691 anticis
1078 1642 1325 1707 anguste
1376 1633 1682 1707 testacei53

251 1731 406 1788 forte
433 1731 673 1789 femina.
751 1730 916 1806 Illig.
943 1731 980 1785 l.
1010 1749 1058 1788 c,
1091 1748 1222 1786 ναν.
1249 1742 1307 1803 7.

166 1846 414 1904 Habitat
452 1849 515 1903 in
561 1846 771 1906 Svecia
811 1843 1055 1901 australi
1095 1844 1304 1901 rarius.
1379 1842 1559 1903 Dom.
1603 1840 1679 1897 cle

246 1942 534 2021 Paykall.

183 2055 504 2105 Praecedenti
544 2054 746 2119 quidem
786 2053 964 2105 similis
999 2065 1049 2103 et
1084 2053 1274 2114 affinis,
1312 2050 1400 2101 sed
1435 2050 1589 2099 forma
1625 2059 1678 2096 et

81 2129 208 2177 situs
245 2125 462 2174 maculae
498 2127 669 2173 rubrae
706 2122 977 2188 elytrorum
1022 2124 1171 2173 valde
1207 2123 1437 2183 diversa,
1483 2130 1533 2168 et
1578 2118 1677 2166 hoc.

77 2199 134 2245 in
171 2208 383 2261 utroque
434 2212 584 2256 sexu,
636 2213 784 2258 quare
830 2205 889 2242 ut
936 2194 1168 2243 distincta
1203 2193 1392 2258 species
1445 2188 1677 2237 conside-

78 2266 244 2316 randa.
334 2265 498 2329 Caput
548 2264 712 2328 quoad
759 2275 1086 2322 structuram,
1134 2273 1430 2328 puncturam
1481 2269 1533 2305 et
1564 2275 1675 2322 pu·-

76 2335 380 2384 bescentiam
415 2345 473 2381 ut
505 2334 559 2381 in
598 2334 777 2399 priori,
822 2333 877 2380 in
914 2352 942 2380 a
974 2344 1185 2382 saturate
1221 2331 1415 2390 rufum,
1466 2329 1522 2376 in
1567 2344 1674 2376 var.

77 2406 142 2465 b,
185 2407 407 2470 nigrum,
457 2411 680 2451 ore‘toto
721 2420 832 2450 cum
867 2401 1004 2451 labro
1043 2402 1377 2466 antennisque
1423 2398 1676 2447 rufo-te·-

77 2476 267 2522 staceis.
342 2472 580 2521 Thoracis
617 2473 773 2521 forma
809 2471 1010 2532 eadem,
1056 2488 1211 2536 aeque
1259 2470 1406 2517 eliam
1450 2476 1676 2533 puncta-

79 2552 160 2590 ‘tus
200 2554 248 2590 et
283 2544 593 2608 pubescens,
647 2544 812 2608 niger,
863 2541 1055 2607 angulis
1102 2541 1277 2588 anticis
1326 2540 1382 2586 in
1418 2555 1475 2600 a,
1522 2534 1675 2584 latius

76 2612 226 2674 rufis3
261 2613 315 2659 in
354 2630 458 2661 var.
497 2613 529 2658 b
551 2647 564 2670 ‚
604 2629 768 2678 margo
808 2612 1000 2659 anticus
1039 2622 1088 2658 et
1117 2611 1222 2673 ejus
1258 2606 1428 2674 anguli
1463 2615 1673 2672 anguste

77 2679 392 2730 rufescentes.
464 2680 750 2745 Elytrorum
785 2680 971 2740 forma,
1021 2690 1265 2745 punctura
1300 2689 1351 2726 et
1384 2678 1675 2743 pubescen-

76 2749 147 2794 tia
185 2749 328 2796 etiam
367 2761 424 2798 ut
455 2752 510 2798 in
541 2749 654 2810 illo,
693 2751 781 2799 sed
817 2748 1010 2798 macula
1036 2746 1303 2797 humeralis
1338 2749 1484 2795 rubra
1521 2743 1673 2794 valde

76 2832 282 2882 magna,
330 2818 587 2867 dimidiam
637 2820 736 2868 fere
788 2831 977 2884 partem
1029 2819 1262 2884 marginis
1320 2828 1558 2881 occupat,
1621 2823 1675 2860 et

75 2884 388 2933 tuberculum
424 2886 679 2937 humerale
714 2888 956 2949 includit,
996 2889 1192 2936 interne
1229 2887 1509 2951 angustior,
1543 2900 1674 2933 ver-

76 2972 162 3006 sus
198 2951 449 3005 'suturam'
478 2958 732 3024 producta.
820 2958 1012 3025 Corpus
1061 2958 1232 3008 subtus
1268 2957 1498 3024 nigrum,
1549 2970 1675 3001 con-

1567 3023 1675 3070 fer-
