1966 3330
767 126 1116 184 Lamia.
1666 124 1747 183 55

97 264 99 274 ’
143 297 200 340 2.
247 277 316 333 L.
362 281 658 331 sartor:
724 295 999 334 convexa
1053 278 1254 351 nigra,
1318 276 1569 333 scutello
1614 286 1743 334 toto

260 373 441 427 dense
471 370 918 444 ssavo-pilosm,
972 371 1181 445 elytris
1213 372 1739 430 fusco-sub-ae-

254 466 416 537 neiS‚
498 465 799 540 posterius
869 465 1301 522 obsoletissime
1353 468 1737 543 punctulatis,

261 562 438 616 dorso
478 561 804 634 impressis

215 669 400 726 Mas:
455 668 730 723 antennis
763 668 1139 743 longissimis,
1187 668 1325 723 totis
1350 669 1556 742 nigri8‚
1597 671 1735 747 ely-

299 765 405 820 tris
435 762 868 835 immaculatiS,
915 764 1217 839 posterius
1258 766 1594 820 attenuatis,

212 872 563 929 Femina:
639 873 917 933 antennis
986 871 1391 931 mediocribus
1450 872 1731 942 cinereo-

295 968 585 1038 fasciatiS,
645 967 852 1043 elytris
895 966 1005 1023 sub
1033 997 1066 1008 -ν
1097 966 1424 1023 linearibus
1461 967 1731 1045 pallido-

294 1063 631 1138 variegatis.

210 1167 382 1224 Fabr.
426 1167 604 1222 Panz.
648 1163 893 1222 Sclzo'nlz.
938 1165 1065 1242 Syn.
1107 1162 1162 1220 5.
1209 1158 1347 1220 585.
1398 1181 1533 1220 111.

206 1271 455 1327 Habitat
480 1272 543 1325 in
571 1269 733 1327 silvis
765 1270 1051 1341 acerosi5‚
1102 1270 1300 1325 minus
1327 1267 1630 1344 frequens,

227 1376 548 1425 Praecedenti
595 1376 772 1425 similis
828 1387 877 1424 et
925 1374 1078 1426 valde
1129 1377 1323 1437 affinis,
1389 1392 1509 1425 vere
1556 1385 1725 1423 tamen

124 1447 385 1508 distincta,
424 1445 719 1513 plerumque
749 1445 903 1512 duplo
942 1448 1124 1510 major,
1174 1445 1330 1510 elytra
1366 1447 1560 1511 apicem
1596 1463 1726 1494 ver-

122 1536 203 1566 sus
263 1518 364 1565 sere
419 1520 754 1583 impunetata,
818 1517 964 1565 maris
1027 1518 1274 1582 posterius
1322 1526 1574 1565 attenuata
1625 1526 1722 1566 etc.

124 1588 314 1654 Caput,
365 1599 640 1648 antennae,
685 1587 863 1636 thorax
899 1598 955 1634 ut
991 1587 1045 1634 in
1092 1585 1438 1652 praecedenti,
1483 1585 1570 1633 sed
1617 1586 1725 1632 mi-

120 1675 215 1705 nus
250 1658 600 1722 pubescentia,
633 1658 727 1705 vix
761 1659 1024 1722 variegata.
1099 1655 1379 1704 Scutellum
1410 1666 1572 1703 totum
1598 1654 1722 1703 vel—

119 1725 216 1773 lere
270 1726 422 1774 denso
482 1726 714 1791 depresso
780 1730 1082 1775 flavescente
1146 1738 1352 1776 tectum.
1433 1724 1721 1788 Elytrorum

119 1796 273 1843 forma
310 1798 456 1844 eliam
494 1796 591 1843 fere
625 1807 682 1843 ut
714 1798 765 1843 in
799 1795 915 1856 illa,
951 1796 1099 1843 modo
1136 1797 1279 1844 maris
1316 1795 1564 1861 posterius
1604 1811 1721 1841 ma·-

120 1865 198 1932 gis
236 1877 524 1931 angustata,
580 1883 726 1930 supra
773 1866 940 1913 minus
978 1883 1231 1926 convexa,
1277 1862 1718 1928 sub-inaequalia,

118 1952 299 1999 nempe
357 1947 471 1982 ante
526 1935 744 1982 medium
800 1936 1121 1983 transversim
1186 1934 1411 1983 obsolete
1458 1935 1717 1999 impressa,

115 2006 334 2051 anterius
370 2004 628 2051 confertim
669 2016 718 2051 et
753 2005 1000 2070 profunde
1037 2013 1538 2069 rugoso-punctam,
1589 2021 1718 2051 ver—

114 2091 199 2121 sus
238 2074 428 2138 apicem
467 2072 648 2121 leviter
686 2085 733 2121 et
772 2072 1131 2122 obsoletissime
1170 2073 1499 2139 punctulata,
1547 2072 1718 2121 fusco—-

114 2145 390 2203 subaenea,
441 2143 575 2207 pube
629 2144 769 2192 brevi
806 2143 1034 2208 depressa
1075 2145 1259 2210 grisea,
1312 2144 1502 2209 apicem
1538 2160 1715 2190 versus

110 2211 334 2260 densiore
395 2212 656 2278 adspersa,
719 2215 773 2260 in
836 2213 1068 2261 masculis
1125 2231 1245 2262 vero
1295 2231 1398 2261 non
1445 2213 1713 2277 variegata.

110 2280 301 2347 Corpus
338 2283 511 2331 subtus
550 2285 773 2348 nigrum,
811 2286 967 2350 magis
1007 2282 1252 2343 nitidum,
1291 2282 1714 2347 cinereo-pube·-

109 2368 271 2401 seens.
344 2351 501 2400 Pedes
534 2365 589 2401 ut
625 2354 676 2400 in
715 2353 896 2418 priori,
953 2353 1102 2401 modo
1141 2355 1307 2401 minus
1359 2352 1709 2418 pubescentes.

212 2422 418 2468 Femina
459 2423 654 2471 differt:
706 2423 935 2470 antennis
983 2424 1305 2472 brevioribus
1354 2423 1713 2470 cinereo-an-

105 2489 318 2552 nularis,
353 2491 627 2558 elytrisque
665 2491 1092 2543 sub-linearibus
1131 2490 1663 2557 albido-variegatis„

106 2631 162 2684 5.
210 2630 280 2686 L.
308 2632 628 2689 aedilis:
688 2632 966 2705 brevior,
1030 2633 1349 2707 depressa,
1410 2631 1707 2701 brunnea,

225 2727 408 2782 dense
465 2729 660 2801 griseo
688 2759 724 2769 -
753 2728 1124 2803 pubescenS,
1180 2727 1428 2783 thorace
1464 2726 1706 2802 punctis

221 2831 475 2894 quatuor
501 2824 657 2883 ssavo
676 2857 709 2864 —
725 2824 929 2900 pilosis
945 2868 963 2898 ‚
1008 2823 1218 2898 elytris
1243 2822 1437 2880 fasciis
1462 2820 1704 2887 ,duabus

219 2913 416 2973 fuscis.

1497 3008 1695 3067 Mas:
