1966 3330
203 141 286 222 76
793 146 1217 204 Callidizcm.

292 291 657 350 Habitatin
706 296 986 353 silvaticis
1043 298 1293 354 Sueciae
1365 299 1794 374 meridionalis,

366 407 576 443 I'HI'JUS.

299 501 495 549 Statura
529 511 580 550 et
616 519 807 550 summa
855 503 1066 552 affinitas
1114 504 1482 569 praecedentis,
1533 507 1792 555 minimis-

196 587 294 633 que
358 571 466 633 ejus
532 573 876 636 magnitudine
948 572 1169 636 aequale.
1270 574 1462 639 Caput,
1527 587 1790 638 antennae,

193 640 404 699 thorax,
450 640 745 701 scutellum,
797 644 948 705 elytra
994 653 1051 689 ut
1095 644 1147 689 in
1196 643 1515 706 praecedenti
1566 647 1789 706 omnino,

193 708 344 756 modo
387 726 441 757 os
478 708 688 758 dilutius
725 711 948 775 piceum,
987 722 1233 758 antennae
1268 725 1541 760 extrorsum
1581 724 1628 760 et
1666 714 1788 776 ely-

193 788 266 825 tra
301 795 474 826 versus
511 781 702 845 apicem
743 782 1070 845 sub—-picea3
1111 779 1264 843 elytra
1302 783 1449 828 etiam
1481 779 1620 847 apice
1656 785 1789 831 sub-

193 848 503 908 acuminata,
560 849 881 897 dehiscentia.
966 850 1147 898 Pectus
1200 860 1248 897 et
1307 851 1563 898 abdomen*>
1618 863 1673 900 ut
1730 854 1784 900 in

190 917 360 982 priori.
444 916 636 965 Pedum
682 930 920 966 structura
969 920 1116 965 etiam
1176 920 1381 967 omnino
1433 920 1637 982 eadem,
1699 922 1785 969 sed

191 986 431 1035 semorum
473 986 615 1036 clava
651 986 779 1035 laete
815 989 988 1048 rubra,
1025 987 1110 1037 vel
1146 990 1444 1054 sanguinea,
1497 991 1636 1055 apice
1674 992 1782 1057 ipso

189 1057 369 1123 nigr03
403 1053 554 1105 tibiae
594 1058 782 1105 anticae
820 1069 869 1105 et
905 1058 1021 1107 tarsi
1055 1075 1225 1107 omnes
1261 1060 1447 1125 piceae.

195 1194 254 1251 6.
307 1195 372 1251 C.
409 1215 433 1250 s
451 1215 485 1250 a
501 1213 539 1251 n
558 1215 594 1270 g
613 1216 651 1252 u
667 1197 686 1252 i
704 1215 742 1252 n
761 1214 792 1252 e
812 1216 850 1252 u
871 1215 959 1253 m:
1010 1195 1191 1254 breve
1208 1241 1223 1270 ,
1264 1198 1632 1272 depressum,
1651 1193 1661 1211 ’
1678 1200 1783 1255 ni-

315 1310 522 1365 grum,
567 1310 748 1367 supra
787 1292 950 1366 pube
997 1293 1176 1357 densa
1223 1293 1501 1369 depressa
1531 1294 1781 1369 sangui—-

311 1405 428 1441 nea
464 1395 720 1458 tectum,
769 1386 1010 1442 thorace
1035 1387 1318 1444 lateribus
1353 1387 1651 1463 angulato.

268 1492 441 1552 Fabr.
485 1494 654 1573 Payk.
705 1493 879 1553 Panz.
922 1496 1163 1554 Scho'nlz.
1205 1498 1332 1574 Syn.
1361 1496 1414 1553 5.
1455 1493 1596 1554 452.
1640 1494 1745 1574 47.

271 1602 522 1661 Habitat
561 1608 629 1667 in
664 1606 859 1679 silviS,
902 1607 1061 1683 apud
1101 1628 1211 1664 nos
1251 1609 1474 1682 rarius3
1523 1610 1586 1663 in
1612 1609 1776 1682 ligno

356 1720 527 1757 caeso
557 1720 812 1775 quercus
841 1722 1031 1776 prope
1059 1700 1447 1776 Alingsiisiam
1487 1700 1776 1759 Westro-

352 1796 591 1871 gothiae
637 1795 825 1851 semel
865 1795 1120 1871 copiose
1145 1797 1280 1871 legi.

289 1913 480 1959 Statura
509 1912 692 1969 brevis,
727 1909 844 1972 lata,
876 1909 1107 1976 depressa
1136 1910 1191 1959 C.
1210 1911 1289 1958 ⁴vi
1309 1909 1409 1958 ola
1428 1906 1555 1971 cei,
1595 1922 1645 1958 et
1673 1911 1777 1959 mi-

187 1981 391 2028 noribus
440 1982 544 2043 ejus
596 1979 816 2044 aequale.
857 2035 866 2039 5
906 1980 1068 2045 Caput
1130 1996 1372 2044 parvum,
1436 1980 1775 2038 rotundatum,

188 2052 414 2114 nigrum,
459 2050 622 2096 crebre
658 2047 1036 2114 punctulatum,
1087 2052 1215 2097 inter
1254 2061 1490 2098 antennas
1529 2048 1777 2096 canalicu-

186 2117 367 2177 latum,
414 2119 573 2167 fronte
625 2119 743 2183 pilis
791 2118 1035 2183 depressis
1088 2117 1371 2183 sanguineis
1421 2129 1582 2178 tect33
1645 2117 1777 2166 oculi

186 2188 426 2247 brunnei,
478 2187 724 2253 profunde
763 2189 1070 2254 emarginati.
1142 2188 1408 2234 Antemnae
1459 2191 1603 2236 maris
1650 2187 1779 2234 lon—-

186 2258 413 2324 gitudine
448 2258 547 2305 sere
584 2259 818 2323 corporis,
856 2258 1065 2304 feminae
1100 2255 1251 2322 paulo
1290 2257 1558 2312 breviores,
1600 2257 1778 2320 nigro-

182 2328 383 2392 piceae,
446 2345 621 2392 parurn
668 2327 872 2393 pilosae.
961 2328 1166 2376 Thorax
1225 2327 1389 2374 brevis
1450 2338 1776 2387 transversus,

184 2398 291 2445 basi
338 2396 573 2460 apiceque
622 2408 902 2458 truncatus,
967 2396 1203 2445 lateribus
1250 2396 1571 2456 rotundatus,
1621 2395 1774 2460 paulo

181 2482 317 2532 pone
352 2465 568 2513 medium
608 2467 792 2533 angulo
833 2468 1111 2515 acuminato
1150 2477 1392 2525 armatus,
1441 2483 1589 2529 supra
1623 2467 1774 2512 inae-

183 2535 373 2599 qualis,
414 2537 572 2584 antice
610 2538 899 2601 posticeque
937 2537 1260 2593 constrictus,
1295 2546 1430 2583 totus
1467 2536 1622 2599 niger,
1661 2551 1776 2580 cre-

181 2608 269 2654 bre
316 2604 670 2669 punctulatus,
737 2609 869 2672 pube
921 2605 1147 2672 longiore
1209 2605 1440 2670 depressa
1501 2605 1773 2668 sanguinea

178 2675 363 2734 nitida,
417 2676 555 2723 vario
609 2675 756 2723 modo
809 2687 1030 2725 contorta
1078 2685 1266 2734 tectus,
1318 2684 1601 2720 remanente
1641 2674 1773 2721 linea

178 2745 344 2793 media
382 2744 676 2793 sub-laevi
718 2745 851 2793 nuda
901 2747 1063 2811 nigra;
1114 2744 1289 2792 subtus
1335 2743 1500 2807 niger,
1549 2753 1773 2807 puncta—-

183 2816 293 2876 t‘us,
339 2830 484 2878 parce
534 2816 641 2862 rufo
657 2813 1010 2880 -sspubescens,
1067 2815 1290 2879 margine
1354 2813 1517 2860 antico
1565 2812 1772 2860 densius

182 2883 368 2932 ciliato.
440 2882 722 2933 scutellum
789 2883 1128 2935 semi-ovale
1174 2884 1401 2949 nigrum,
1462 2882 1773 2948 sanguineo-

179 2955 475 3021 pubescens.
545 2952 720 3020 Elytra
752 2952 966 3005 thoracis
1001 2956 1104 3005 basi
1138 2951 1345 3002 dimidio
1373 2951 1564 3016 latiora,
1599 2961 1650 2999 et
1679 2949 1771 2998 illo

1639 3035 1772 3086 qua-
