1966 3330
245 188 313 239 Vl
727 181 1351 263 Praefatio,

243 332 453 409 vertit,
498 323 846 408 summaque
896 353 1032 391 cum
1072 335 1493 396 benevolentia
1537 349 1666 397 tum
1701 363 1735 398 a
1774 363 1836 400 se

239 449 623 505 inventorum
668 459 764 497 me
820 445 1174 520 participem
1229 444 1400 518 fecit,
1460 457 1584 506 tum
1643 451 1835 508 colle—-

239 557 467 613 ctiones
507 570 671 607 meas
703 550 972 608 Sibiricis
1013 553 1258 629 aliisque
1287 554 1557 614 Exoticis
1586 558 1832 618 Insectis

234 662 562 722 liberaliter
609 662 794 718 auxit.

368 786 553 844 Dom.
580 784 642 842 S.
678 783 749 839 F.
784 782 1064 859 Lizmglz,
1110 784 1172 839 in
1213 783 1355 842 villa
1381 783 1619 843 Skarsio
1651 789 1830 845 Smo-

227 895 499 965 landiae‚
548 893 904 949 Provinciae
924 885 1328 951 Camerarius,
1384 907 1387 909 ’

366 1017 548 1076 Dom.
577 1012 923 1094 Haeffner,
967 1015 1283 1091 Upsaliae,
1330 1015 1403 1070 ad
1435 1010 1649 1072 Aulam
1686 1019 1823 1076 Re-

224 1119 383 1204 giam
411 1125 758 1182 Praefectus
786 1123 1050 1181 Musices
1089 1143 1418 1200 supremus„

362 1250 546 1308 Dom.
585 1247 647 1305 C.
686 1247 1115 1325 EBOgeman,
1144 1249 1207 1303 in
1234 1247 1373 1305 villa
1389 1247 1613 1324 Botarp
1633 1248 1817 1306 Smo—

223 1358 458 1415 landiae
475 1400 491 1431 ‚
533 1357 839 1413 Centurio,

362 1482 544 1540 Dom.
576 1481 634 1537 C.
661 1481 748 1538 H.
780 1479 1125 1551 Bolzeman‚
1172 1480 1237 1535 in
1264 1464 1404 1537 villa
1432 1479 1814 1557 Annaeberg‚

223 1590 645 1667 Ostrogothiae
665 1633 681 1663 ‚
732 1589 840 1646 sub
857 1620 892 1629 -
909 1590 1196 1677 centurio,

356 1715 541 1774 Dom.
576 1707 768 1773 F.'D.
813 1709 914 1769 W
906 1712 1258 1790 asastjerna
1270 1755 1292 1784 ,
1335 1710 1580 1769 Wasae.

358 1839 539 1896 Dom.
577 1833 653 1893 G.
682 1833 963 1892 Marklin
977 1877 1000 1905 ,
1043 1833 1346 1905 Upsaliae.

356 1960 632 2031 Quorum
688 1958 967 2031 quisque,
1044 1964 1174 2011 tum
1227 1958 1292 2012 in
1353 1956 1808 2038 collectionibus

213 2069 362 2124 meis
407 2065 795 2140 aslaugendi8‚
850 2073 977 2119 tum
1027 2064 1087 2118 in
1132 2065 1486 2120 accuratiori
1528 2064 1802 2120 Insecto-

211 2197 345 2233 rum
380 2176 616 2232 Patriae
647 2175 984 2248 cognitione
1007 2173 1291 2247 paranda,
1333 2174 1628 2247 insignem
1653 2172 1804 2228 mihi

210 2285 507 2362 praestitit
535 2302 780 2359 operam
801 2321 816 2348 ‚
855 2298 968 2357 pro
1002 2301 1118 2356 qua
1146 2284 1208 2336 in
1256 2300 1350 2336 me
1382 2280 1802 2337 benevolentia

207 2395 377 2450 nullo
413 2412 536 2448 non
572 2400 842 2467 tempore
885 2411 981 2446 me
1029 2392 1431 2464 gratissimum
1464 2390 1626 2464 sore,
1680 2391 1799 2447 hoc

207 2503 341 2559 loco
377 2501 527 2557 mihi
566 2500 747 2555 liceat
783 2499 1072 2575 profiteri.

338 2625 436 2681 Ex
460 2623 872 2696 Entomologis
904 2622 1177 2693 Extra-is,
1229 2623 1325 2697 qui
1366 2621 1566 2679 literas
1599 2624 1672 2679 ad
1701 2642 1798 2678 me

163 2756 166 2758 ’
205 2734 382 2803 dare,
431 2741 490 2787 et
533 2729 958 2789 commercium
1001 2733 1398 2804 Insectorum,
1447 2733 1605 2805 quod
1644 2751 1794 2807 per—-

202 2841 492 2912 mutando
559 2841 896 2915 perficitur,
976 2843 1284 2897 instituere
1345 2841 1569 2917 dignati
1632 2850 1790 2913 sunl,

199 2951 314 3006 hoc
353 2951 486 3006 Ioco
528 2936 864 3007 nominasse
906 2950 1191 3007 sufficiat:

1607 3062 1787 3122 Dom.
