1905 3330
147 132 272 210 668
538 131 925 212 Appendia:
972 131 1064 190 ad
1105 133 1174 192 P.
1212 136 1359 193 111.

231 277 717 357 Cryptoceplzalus
772 275 1271 354 Ιιῖενοὲζνρίιίεῑις,
1336 278 1511 337 Fabr.
1563 279 1621 336 S.
1657 275 1747 337 El.

318 386 373 423 2.
399 360 497 449 55.
522 358 621 437 67.
672 361 921 419 Sclzanlz.
948 365 1074 437 Syn.
1114 383 1167 419 2.
1194 361 1335 441 367.
1360 361 1457 442 69.

227 454 479 512 Habitat
502 453 566 508 in
598 451 970 524 Finlandiae‚
997 453 1311 525 Bothniae‚
1350 455 1563 513 Betula
1601 456 1749 515 alba.

315 550 499 610 Dom.
541 547 720 624 Profl
761 546 1102 626 Saldberg,
1141 548 1343 627 Prytz
1380 559 1440 606 et
1481 551 1642 608 Com.
1675 554 1753 609 cle

312 642 775 702 B‘Ic'mnerlzeim.
1571 674 1573 677 -

250 731 449 780 Statura
496 740 547 777 et
591 726 868 777 similitudo
924 727 1298 793 praecedentis3
1359 729 1651 798 magnitudo
1701 743 1754 784 et

144 803 426 870 signaturae
464 800 572 866 pari
608 799 757 848 modo
794 797 1006 848 variant.
1079 799 1236 847 Frons
1273 810 1452 861 retusa,
1491 802 1751 851 confertim

145 882 386 939 punctata
408 907 423 930 ‚
455 871 616 929 flava,
654 869 842 917 vertice
879 867 1114 933 lineaque
1151 868 1330 929 media,
1367 888 1516 936 saepe
1551 883 1753 920 antror—

145 961 256 993 sum
293 940 478 1000 bifida,
518 939 702 1004 nigri33
743 936 877 987 oculi
914 940 1205 988 renisormes
1242 940 1475 990 brunnei.
1543 941 1752 990 Anten-

145 1031 240 1062 nae
289 1010 498 1059 dimidio
552 1026 757 1074 corpore
801 1007 1080 1074 longiores,
1124 1020 1327 1069 tenues,
1389 1011 1582 1078 nigrae,
1644 1012 1751 1061 basi

143 1083 487 1146 ferruginem,
535 1077 754 1127 articulis
804 1079 976 1143 primis
1013 1096 1161 1144 supra
1195 1078 1466 1130 infuscatis.
1543 1080 1751 1131 Thorax

142 1153 349 1213 brevis,
386 1151 548 1199 antice
585 1149 1030 1207 sub-truncatus,
1081 1148 1317 1197 lateribus
1353 1167 1525 1215 parum
1561 1162 1752 1200 rotun-

144 1222 319 1284 datus,
385 1221 491 1269 basi
539 1219 899 1278 bi-sinuatus,
957 1236 1107 1283 supra
1143 1237 1436 1282 convexus,
1486 1222 1748 1270 confertim

141 1302 441 1360 punctatus,
479 1299 595 1337 ante
631 1289 774 1336 basin
811 1290 1133 1336 transversim
1169 1289 1467 1354 impressus,
1517 1309 1751 1356 praeser—

140 1363 235 1412 tim
270 1363 326 1410 in
363 1359 528 1409 medio
564 1368 680 1406 ante
712 1357 1008 1421 scutellum3
1055 1369 1141 1406 aut
1176 1359 1346 1424 niger,
1392 1361 1611 1426 margine
1648 1379 1750 1408 an-

141 1433 241 1482 tico
280 1431 549 1488 sinuatim,
601 1428 733 1475 linea
783 1427 1170 1493 intramarginali
1218 1430 1458 1477 continua
1492 1432 1747 1496 utrinque,

142 1500 451 1565 maculisque
497 1499 657 1547 tribus
707 1498 834 1546 disci
868 1500 1043 1560 ssavis,
1094 1499 1251 1563 prima
1301 1500 1627 1561 cunefformi,
1691 1503 1747 1550 in

141 1572 308 1622 medio
360 1571 556 1629 antico,
602 1582 774 1632 'saepe
833 1585 948 1615 cum
994 1568 1251 1617 flavedine
1309 1570 1542 1634 marginis
1592 1571 1747 1621 antici

141 1633 390 1701 connexa,
427 1651 476 1688 et
512 1657 614 1688 una
649 1640 779 1687 intra
814 1638 955 1686 basin
991 1638 1259 1703 utrinque,
1299 1640 1487 1703 major,
1525 1638 1746 1706 obliqua,

139 1723 369 1773 arcuata3
422 1721 507 1758 aut
546 1710 599 1757 in
639 1726 744 1758 var.
784 1709 844 1768 b,
898 1708 1114 1755 maxima
1154 1720 1288 1773 parte
1323 1710 1519 1766 ssavus,
1567 1711 1746 1777 signa-

137 1783 263 1832 turis
314 1783 495 1847 nigris,
562 1779 799 1838 arcuatis,
865 1778 1260 1830 cohaerentibus.
1335 1778 1616 1827 scutellum
1657 1782 1749 1828 ni-

137 1871 279 1921 grum
303 1887 317 1912 ,
370 1850 619 1910 nitidum,
676 1847 846 1909 laeve,
907 1848 1049 1913 apice
1110 1849 1363 1899 obtusum.
1456 1848 1746 1914 Elytrorum

139 1924 296 1972 forma
330 1920 400 1988 ut}
438 1921 492 1968 in
532 1919 780 1986 prioribus
816 1920 1041 1979 omnino,
1079 1937 1224 1984 supra
1262 1936 1504 1979 convexa,
1541 1932 1745 1969 externe

135 1991 378 2053 striatim,
413 1991 614 2040 interne
650 2006 799 2049 vero,
837 1988 1125 2054 praesertim
1163 1992 1405 2050 anterius,
1442 2007 1569 2054 vage
1605 2009 1743 2054 pun—-

135 2073 295 2123 ctata,
332 2062 383 2109 in
423 2079 480 2121 a,
519 2060 677 2127 nigra,
717 2063 938 2124 margine
976 2060 1148 2106 baseos
1186 2059 1383 2108 elevato
1418 2061 1570 2121 flavo,
1609 2059 1745 2108 litu-

133 2134 302 2197 risque
339 2133 490 2180 variis
525 2132 672 2178 flavis
706 2129 761 2176 in
797 2130 952 2188 disco,
989 2130 1273 2194 praesertim
1311 2147 1485 2178 versus
1523 2129 1744 2196 apicem3

136 2204 190 2253 in
229 2220 332 2252 var.
371 2202 435 2261 b,
477 2201 693 2249 maxima
728 2209 868 2265 parte
902 2199 1051 2260 flava,
1089 2197 1252 2247 lituris
1290 2200 1614 2264 sub-quinis
1651 2202 1743 2248 ni-

137 2274 254 2341 gris,
289 2273 430 2321 vario
465 2270 615 2319 modo
645 2269 1035 2316 confluentibus.
1088 2267 1282 2333 Corpus
1311 2272 1486 2317 subtus
1525 2270 1739 2336 nigrum,

135 2341 505 2412 punctulatum,
544 2341 708 2388 antice
746 2349 935 2404 puncto
971 2356 1075 2386 uno
1113 2337 1332 2409 alterove
1370 2342 1504 2387 flavo
1542 2339 1602 2386 ad
1640 2357 1744 2404 pe-

137 2414 258 2462 dum
296 2413 622 2460 insertionem
677 2420 920 2462 notatum.
994 2408 1152 2457 Pedes
1187 2409 1486 2469 mediocres,
1523 2419 1607 2456 aut
1642 2409 1742 2456 ser-

132 2483 357 2549 ruginei,
395 2481 666 2531 semoribus
701 2480 804 2528 basi
843 2489 893 2527 et
928 2496 1144 2543 superne
1181 2480 1364 2544 nigris,
1399 2489 1485 2527 aut
1524 2479 1742 2526 maxima

135 2564 277 2620 parte
329 2553 486 2616 nigri,
537 2550 809 2599 femoribus
843 2566 1039 2615 semper
1095 2567 1273 2599 versus
1308 2549 1500 2616 apicem
1535 2559 1742 2597 externe

133 2621 327 2673 macula
363 2623 473 2671 alba
508 2621 713 2670 notatis,

140 2703 242 2760 16.
293 2699 358 2757 C.
407 2700 740 2785 insignis
789 2718 847 2774 p.
879 2696 1034 2754 622.

144 2816 244 2871 17.
288 2795 353 2851 C.
398 2795 861 2852 flavilabris
905 2812 963 2869 p.
1004 2791 1158 2846 623.

213 2885 704 2964 Cryptoceplzalus
735 2883 1080 2961 salemum,
1134 2879 1325 2936 Germ.
1370 2878 1494 2939 Ins.
1548 2882 1644 2961 Sp.
1683 2883 1736 2939 I.

298 2965 439 3028 556.
471 2964 613 3045 758.
642 2969 751 3028 via:
773 2968 1085 3025 distinctus
1107 2963 1358 3022 videtur.
1614 3045 1692 3094 Ob

1698 3064 1735 3096 s.
