1966 3330
635 184 1294 263 PraefatiO.
1675 203 1769 250 Vll

286 337 471 396 Dom.
501 334 801 393 Comitem
842 336 1124 416 Dejecm,
1171 337 1451 413 Parisii5‚
1497 357 1532 395 e
1559 338 1768 417 Regni

146 447 381 504 Galliae
423 446 834 518 primoribus,
906 445 1229 504 Generalis
1292 449 1499 508 locum
1538 458 1768 509 tenen-⁴

145 568 305 629 tem,
357 556 932 613 Commendatorem
969 565 1100 629 etc.‚
1151 557 1256 634 qui
1304 561 1568 618 maxima
1623 579 1769 639 cum

143 667 500 734 liberalitate
545 665 935 722 collectiones
976 685 1142 724 meas
1171 669 1374 743 auxit,
1423 671 1766 748 multasque

144 779 304 835 circa
348 776 868 833 nomenclaturam
911 776 1061 833 mihi
1094 778 1377 853 praebuit
1424 782 1766 838 correctio-

141 908 266 946 nes,
318 886 565 945 Muneri
595 886 744 942 mihi
773 888 1014 942 mittere
1052 886 1140 943 illi
1175 887 1407 964 placuit
1449 909 1574 946 non
1616 899 1764 947 tan-

140 1007 273 1055 tum
307 1017 495 1075 opera
529 1015 636 1053 sua
668 995 1157 1071 Entomologica‚
1204 996 1328 1070 jam
1377 1010 1553 1055 antea
1584 1001 1766 1074 edita,

141 1110 249 1167 sed
284 1110 433 1165 duos
462 1107 642 1163 etiam
667 1108 904 1182 priores
932 1105 1163 1163 Tomos
1193 1106 1444 1164 Classici
1473 1111 1565 1166 sni
1603 1129 1764 1186 ope-

141 1221 253 1290 ris,
309 1216 472 1292 quod
509 1216 887 1273 inscribitur:
958 1215 1261 1294 „Species
1326 1217 1606 1277 General
1655 1220 1765 1277 des

146 1328 534 1405 Coleopteres
564 1327 730 1383 etc.“
787 1318 899 1382 Est
927 1345 1092 1399 vem,
1128 1329 1289 1403 quod
1321 1329 1576 1397 doleam,
1605 1349 1762 1406 ope—

142 1440 225 1495 ris
252 1437 434 1513 hujus
463 1445 590 1492 tum
624 1437 870 1494 tandem
914 1436 1065 1492 mihi
1099 1437 1338 1512 copiam
1366 1457 1495 1496 esse
1523 1439 1766 1513 factam3

144 1567 331 1626 quum
379 1546 627 1623 jamjam
668 1545 835 1604 hunc
876 1548 1076 1622 operis
1118 1549 1239 1604 mei
1286 1547 1554 1606 Tomum
1598 1550 1764 1626 typis

140 1657 614 1716 exscribendum
656 1656 932 1734 Lipsiam
982 1657 1480 1733 transmisissem,
1526 1679 1640 1717 nec
1675 1660 1763 1715 li-

142 1775 334 1826 cuisse
365 1767 516 1826 mihi
563 1787 748 1843 opere
789 1768 1033 1825 laudato
1081 1770 1203 1839 uti,
1248 1770 1314 1825 in
1344 1769 1599 1827 Familia
1633 1770 1761 1827 Ca-

138 1878 484 1935 rabicorum
527 1876 936 1932 describenda.
1017 1876 1280 1934 Tantam
1324 1897 1470 1938 vero
1513 1888 1760 1958 tamque
1837 1908 1839 1913 ’

139 1986 423 2041 eximiam
458 1983 894 2041 humanitatem
926 2005 1049 2043 non
1082 2006 1361 2062 possum,
1413 1992 1560 2065 quin
1610 2010 1761 2067 gra-

132 2094 361 2151 tissima
391 2101 449 2150 et
463 2093 892 2152 venerabunda
908 2115 1149 2172 semper
1174 2117 1508 2174 prosequar
1530 2108 1761 2177 mente,

137 2205 298 2281 quod
329 2203 480 2260 mihi
511 2202 630 2260 hoc
664 2204 801 2261 loco
839 2205 1019 2262 liceat
1048 2206 1376 2266 declarare.

277 2314 466 2375 Dom.
520 2312 576 2371 J.
620 2313 971 2392 Schiippel,
1038 2317 1341 2390 Berolini‚
1388 2318 1549 2374 inter
1592 2315 1759 2375 Exi-

133 2424 288 2480 mios
329 2424 523 2479 nostri
563 2424 698 2481 aevi
741 2423 1210 2503 Entomolog03‚
1253 2428 1355 2504 qui
1395 2428 1585 2484 multa
1628 2421 1766 2497 hu-ss'

129 2529 226 2607 jus
269 2532 622 2610 disciplinae
660 2534 868 2590 amicis
909 2538 1110 2612 magni
1166 2537 1538 2595 aestimanda
1591 2556 1754 2594 enu—

131 2643 378 2716 cleavit,
441 2643 840 2701 minutissima
892 2647 1254 2722 praesertim
1303 2648 1541 2705 Insecta
1591 2644 1757 2724 quod

129 2754 372 2826 attinet,
422 2752 761 2830 multasque
815 2757 1312 2815 nomenclaturae
1367 2758 1754 2814 emendatio-

129 2878 239 2917 nes
288 2859 865 2941 sub-ministravit,
929 2867 1091 2945 quod
1135 2886 1381 2946 semper
1414 2867 1754 2945 gratissima

126 2977 330 3027 mente
371 2990 715 3048 agnoscam.

1649 3085 1753 3144 Si-

1767 3215 1805 3250 ’,ὓ
