1966 3330
200 165 325 230 518
637 162 1048 244 Appendiae
1093 166 1188 225 ad
1227 168 1295 225 P.
1339 170 1393 226 I.

303 308 731 362 Praecedentibus
767 309 922 361 valde
959 309 1173 375 similis,
1224 312 1416 382 pedum
1453 323 1698 364 structura
1738 332 1833 365 so·-

199 386 308 437 lum
359 383 647 433 distinctus.
724 381 907 448 Caput,
957 393 1241 447 antennae,
1293 386 1503 447 thorax,
1543 383 1831 448 scutellum,

199 459 358 522 elytra
408 465 458 502 et
499 453 751 500 abdomen
799 464 856 501 ut
892 456 945 502 in
987 453 1042 504 C.
1082 456 1664 520 appendiculato.
1734 457 1831 504 Pe-

201 529 289 577 des
345 524 642 590 ferruginei,
691 523 962 573 femoribus
1014 527 1222 590 posticis
1272 530 1601 592 compressis,
1654 546 1832 593 parum

197 597 508 655 incurvatis,
559 595 710 643 dente
752 613 960 661 magno,
1011 608 1188 654 acuto,
1239 596 1293 644 in
1347 598 1511 645 medio
1553 600 1833 659 instructis,

197 672 339 721 tibiis
390 667 596 733 posticis
645 665 796 713 valde
833 667 1071 726 arcuatis,
1126 666 1279 715 dente
1329 667 1392 715 ad
1445 669 1589 716 basin
1647 687 1828 728 crasso,

198 737 517 791 tuberculum
557 736 818 785 referente.
892 735 1156 802 Sahlberg.

204 847 241 900 4
263 874 300 882 -
323 842 376 897 5.
423 837 490 895 C.
545 856 570 891 s
591 855 622 891 e
641 837 803 911 rrip
825 855 856 890 e
876 855 933 892 s:
1004 835 1268 910 oblongo
1288 868 1327 876 —
1346 845 1558 893 ovatus
1609 835 1832 908 fuscuS,

317 937 555 1012 griseo·
582 932 954 1008 pubescenS,
1005 934 1283 988 antennis
1316 933 1632 1002 brevibm,
1665 934 1834 989 clava

321 1051 540 1106 magna
574 1029 807 1100 obtusa,
865 1029 1321 1100 ⁶'k-articulata,
1372 1028 1704 1086 femoribus
1747 1031 1833 1084 ti-

317 1130 552 1203 biisque
625 1125 737 1181 sub
776 1156 812 1166 -
840 1127 1053 1199 rectiS,
1122 1126 1372 1202 posticis
1441 1126 1830 1183 subtilissime

322 1223 667 1283 crenulatiS.

285 1323 434 1382 Var.
466 1319 531 1391 b,
572 1315 1221 1395 piceo-ferrugineus,
1274 1317 1440 1394 pube
1477 1318 1830 1377 flavescenti

370 1427 581 1474 tectus.

284 1508 482 1569 Salzlb.
522 1508 645 1576 Ins.
684 1504 820 1562 Fen.
867 1523 923 1580 7-.
965 1501 1065 1581 95.
1108 1499 1165 1559 8.

285 1602 537 1658 Habitat
579 1599 644 1653 in
683 1597 1006 1652 Finlandia
1053 1595 1391 1663 rarissime3
1454 1594 1518 1651 in
1565 1593 1828 1650 Bothnia

373 1694 689 1764 orientali,
743 1693 927 1751 Dom.
961 1689 1418 1770 Vasastjerna3
1458 1692 1522 1748 in
1557 1693 1829 1765 gramine

375 1796 446 1848 acl
476 1791 700 1848 Yllene
729 1788 980 1863 Nygiird
1010 1807 1131 1843 var.
1171 1789 1222 1843 b.
1256 1790 1442 1844 semel
1476 1799 1663 1863 capta.

309 1881 507 1930 Statura
556 1891 604 1927 et
666 1875 1013 1944 magnitudine
1072 1876 1509 1942 praecedentium,
1587 1895 1679 1924 nec
1729 1878 1828 1928 nisi

201 1952 388 2022 pedum
427 1962 670 2000 structura
709 1960 758 1997 et
795 1946 957 1995 colore
1007 1945 1157 2012 paulo
1197 1947 1468 1995 obscuriori
1520 1947 1580 1994 ab
1618 1948 1697 1995 his
1735 1949 1826 1996 di-

201 2026 436 2074 stinctus.
515 2021 708 2086 Caput,
765 2030 1043 2076 antennae,
1095 2017 1306 2079 thorax,
1360 2016 1654 2073 scutellum,
1710 2018 1825 2083 ely-

203 2106 274 2144 tra
312 2105 360 2142 et
400 2092 647 2141 abdomen
687 2102 743 2138 ut
778 2090 830 2137 in
884 2091 1113 2154 proxime
1156 2088 1586 2152 praecedentibus.
1661 2089 1823 2139 Pedes

202 2165 500 2231 ferruginei,
558 2162 826 2210 femoribus
882 2159 1085 2224 posticis
1136 2176 1313 2208 versus
1352 2161 1547 2225 apicem
1587 2159 1825 2222 dilatatis,

202 2237 444 2300 tibiisque
474 2233 792 2293 sub-rectis,
829 2229 981 2278 latere
1018 2230 1239 2277 interiori
1277 2229 1608 2279 subtilissime
1638 2249 1827 2280 crenu-

205 2305 307 2356 lato
320 2335 355 2343 -
372 2306 583 2355 serratis.

309 2377 431 2427 Var.
493 2377 556 2438 b,
621 2373 790 2422 differt
855 2371 993 2438 pube
1058 2369 1217 2438 magis
1275 2371 1827 2424 aureo-flavescenti.

204 2447 463 2515 Sahlberg.

207 2528 266 2583 5.
319 2527 383 2583 C.
430 2525 705 2582 fuscus
754 2544 811 2600 p.
866 2523 1024 2578 281.

291 2618 551 2695 Clzolevfz
578 2616 790 2689 agilis,
835 2615 1055 2686 Spence
1087 2609 1249 2668 Mon.
1274 2626 1332 2683 p.
1368 2602 1502 2665 140.
1546 2628 1602 2664 η.
1635 2628 1691 2667 2.

313 2698 434 2746 Obs.
489 2702 824 2763 Synonymon
874 2694 948 2746 Cl.
990 2691 1245 2758 Paykullii
1282 2689 1589 2755 delendum,
1644 2704 1823 2761 utpote

206 2769 267 2818 ad
313 2768 367 2817 C.
405 2771 726 2817 sericeum
766 2778 911 2814 antea
946 2766 1223 2833 pertinens.

211 2850 267 2906 6.
310 2846 376 2904 C.
432 2849 849 2921 elongatus
898 2867 955 2920 p.
998 2845 1154 2901 281.

292 2938 551 2994 Clzoleva
595 2937 885 3010 oblonga,
944 2935 1108 2991 Latr.
1159 2931 1301 2988 Gen.
1350 2931 1476 2989 Ins·
1524 2947 1579 2990 2.
1622 2949 1719 3009 27.
1771 2948 1822 2987 1.

373 3023 594 3096 Spence
622 3023 783 3080 Mon.
810 3041 869 3097 p.
907 3017 1042 3077 158.
1071 3038 1127 3074 η.
1163 3035 1213 3072 1.
1724 3098 1794 3156 C·

1772 3122 1822 3155 ι-
