1966 3330
265 121 384 184 208
832 120 1300 181 Coccinellcz.

346 270 489 331 Var.
521 269 576 344 b,
600 271 818 329 thorax
847 280 914 330 ut
929 273 992 330 in
1011 295 1084 349 ας
1124 282 1418 352 punctum
1445 271 1658 330 baseos
1690 289 1865 327 com-

420 386 605 425 mune
660 388 799 425 cum
851 371 1186 443 posteriore
1248 371 1529 447 proximo
1582 368 1867 442 utrinque

430 481 792 520 connexum.
841 463 1005 543 Illig.
1033 485 1166 523 ναν.
1194 460 1243 534 ζ.
1305 463 1569 523 Sclzb'nlz.
1600 481 1732 519 ναν.
1765 459 1823 522 ὃ.

345 581 492 640 Var.
525 597 593 651 c,
646 578 846 634 omnia
891 587 957 634 ut
997 581 1062 634 in
1099 600 1171 650 α,
1217 579 1322 634 sed
1364 585 1589 653 puncta
1629 576 1866 651 elytro-

422 693 559 732 rum
597 673 716 729 duo
761 673 1094 748 penultima
1145 674 1210 728 in
1264 673 1509 749 fasciam
1563 671 1865 746 obliquam

432 767 814 826 confluentia.
875 766 1044 844 Illig.
1085 787 1215 826 ναν.
1254 782 1298 824 ε.
1356 766 1619 825 Sclzbnlz.
1652 785 1785 824 ναν.
1808 778 1865 838 γ.

345 898 488 960 Var.
515 899 593 969 d,
642 894 906 951 thoracis
935 903 1162 970 puncto
1197 895 1430 952 laterali
1475 915 1613 953 cum
1656 897 1861 970 nigre-

422 995 562 1050 dine
605 991 751 1047 disci
795 990 1171 1062 confluente,
1241 992 1577 1067 elytrorum
1628 991 1866 1068 punctis

434 1087 727 1145 distinctis
767 1087 925 1142 utin
965 1106 1022 1144 α.
1094 1088 1260 1166 Illig.
1311 1108 1443 1147 ναν.
1481 1079 1539 1146 ὃ.
1597 1084 1863 1144 δοΙιΰΙιῘι.

433 1202 566 1242 ναν.
609 1181 675 1263 β.

345 1298 490 1358 Var.
521 1319 575 1370 e,
624 1294 870 1352 thorace
901 1304 970 1354 ut
991 1297 1055 1353 in
1083 1315 1203 1356 var.
1228 1298 1287 1372 d,
1328 1296 1665 1374 elytrorum
1695 1314 1863 1374 pun-

425 1395 532 1450 ctis
560 1399 626 1447 ut
656 1392 720 1447 in
752 1411 800 1448 c,

345 1509 493 1570 Var.
525 1509 609 1586 f,
648 1505 898 1563 thorace
936 1514 1005 1563 ut
1046 1507 1111 1563 in
1149 1526 1272 1566 var.
1315 1509 1389 1581 cl,
1435 1528 1500 1581 63
1543 1506 1608 1564 in
1654 1504 1864 1580 elytris

427 1611 720 1681 punctum
760 1581 1077 1658 scutellare
1120 1623 1257 1659 cum
1311 1606 1593 1678 proximo
1649 1609 1862 1677 poste-

433 1699 598 1756 riore
626 1697 1013 1773 conjunctum
1040 1704 1106 1753 ut
1132 1699 1196 1755 in
1226 1717 1347 1755 var.
1378 1696 1442 1753 b·
1429 1740 1444 1771 ,
1489 1704 1716 1774 puncta
1744 1695 1862 1750 duo

429 1792 768 1870 penultima
780 1795 842 1849 in
859 1791 1101 1849 fasciam
1117 1792 1502 1865 confluentia,
1521 1800 1590 1849 ut
1604 1793 1667 1848 in
1685 1809 1808 1849 var.
1815 1807 1866 1844 c,

348 1921 495 1981 Var.
545 1941 583 1997 g
594 1966 617 1994 ‚
677 1921 896 1978 thorax
937 1928 1004 1977 ut
1059 1923 1123 1978 in
1177 1923 1252 1995 cl,
1295 1943 1357 1994 e,
1445 1943 1466 1994 ,·
1529 1920 1864 1995 elytrorum

430 2025 655 2094 puncta
680 2018 795 2073 tria
819 2017 1030 2072 ultima
1058 2018 1331 2088 dilatata,
1380 2020 1444 2072 in
1472 2017 1713 2072 lituram
1756 2031 1863 2068 ar—

435 2120 668 2170 cuatam
696 2112 1076 2170 confluentia.
1139 2112 1304 2189 Illig.
1334 2130 1466 2170 ναν.
1493 2126 1548 2181 η.
1596 2105 1860 2166 δοῆὃηῖι.

435 2226 569 2266 var·
615 2223 661 2264 ὃ.

348 2321 494 2384 Var.
520 2322 582 2396 Ῐι,
628 2320 844 2378 thorax
869 2321 1021 2377 utin
1051 2321 1195 2378 (1-
1205 2341 1286 2400 g3
1333 2320 1666 2396 elytrorum
1694 2334 1862 2395 pun—

436 2419 544 2474 ctis
591 2417 780 2475 tribus
815 2417 1040 2473 ultimis
1077 2418 1139 2472 in
1171 2417 1409 2492 plagam
1439 2433 1717 2490 magnam
1745 2429 1862 2466 an-

433 2513 697 2588 gulatam
727 2513 996 2569 connatis
1013 2533 1029 2587 3
1075 2511 1234 2568 tibiis
1262 2511 1387 2568 basi
1412 2512 1615 2586 nigris,

345 2624 493 2685 Var.
541 2628 595 2700 i,
660 2627 922 2684 thoracis
984 2627 1270 2684 lateribus
1323 2633 1570 2701 anguste
1626 2627 1861 2679 tantum

429 2721 701 2797 pallidis,
762 2724 1092 2798 elytrorum
1133 2724 1294 2779 disco
1332 2721 1459 2778 fere
1502 2726 1626 2775 toto
1668 2716 1860 2789 nigr0‚

358 2828 361 2829 ’
424 2805 658 2873 macula
695 2839 815 2877 una
868 2818 1129 2877 alterave
1177 2815 1547 2890 rufescente3
1605 2809 1860 2890 pedibus

434 2908 561 2967 fere
594 2915 731 2968 totis
756 2914 958 2989 nigris,

1656 2996 1860 3056 Habi—
