1966 3330
700 166 1220 246 Endomyclzzm.
1623 188 1745 250 217

157 307 419 368 famati,
482 306 569 356 sed
628 306 780 372 paulo
839 306 999 359 latior.
1085 311 1248 378 Caput
1302 312 1747 379 sub-porrectum,

155 378 501 436 rotundatum,
556 378 720 424 crebre
773 377 1153 442 punctulatum,
1198 383 1506 447 pubescens,
1559 384 1747 451 pallide

154 448 349 508 rusum,
401 446 556 494 oculis
594 445 835 512 depressis
872 447 1045 512 nigris.
1116 449 1380 500 Antennae
1428 452 1746 520 longitudine

154 515 328 580 capitis
364 534 474 562 cum
515 516 741 576 thorace,
779 515 1028 582 pallidae,
1078 530 1354 569 extrorsum
1395 522 1748 587 fuscescentes,

153 585 295 637 clava
334 584 577 651 oblonga,
632 584 822 650 pilosa,
875 586 1255 649 4-articulata,
1308 591 1513 641 articulo
1563 593 1743 643 ultimo

151 656 367 716 minore,
412 656 709 705 acuminato.
783 655 991 704 Thorax
1038 666 1378 718 transversus,
1431 664 1591 710 antice
1628 663 1743 726 late,

152 724 427 788 aequaliter
450 727 812 792 emarginatus,
853 724 1087 773 lateribus
1126 728 1438 789 rotundatus,
1475 731 1580 779 basi
1618 735 1748 782 sub—

149 806 430 854 truncatus,
481 793 674 861 angulis
711 794 946 843 nonnihil
980 797 1310 861 prominulis,
1353 816 1501 864 supra
1546 819 1746 851 conve-

149 885 275 924 xus,
337 864 593 912 confertim
648 876 947 930 punctatus,
992 866 1296 931 pubescens,
1353 868 1541 934 pallide
1590 873 1744 932 rufus,

148 936 449 1003 plerumque
487 933 858 995 immaculatus,
912 936 965 983 in
1003 953 1106 985 var.
1146 937 1177 982 b
1215 955 1333 985 vero
1374 941 1573 1003 punctis
1611 941 1748 990 duo—

152 1009 245 1055 bus
282 1004 509 1052 rotundis
547 1003 724 1069 nigris,
777 1005 1007 1070 paribus,
1055 1006 1196 1067 juxta
1236 1007 1454 1055 medium
1492 1008 1615 1058 disci
1653 1029 1748 1059 no-

146 1087 295 1126 tatus.
369 1072 644 1122 Scutellum
707 1091 946 1139 parvum,
1003 1075 1223 1124 breviter
1270 1077 1593 1144 triangulare,
1657 1081 1747 1128 su-

151 1164 307 1196 scum.
379 1142 551 1208 Elytra
589 1141 1032 1209 oblongo-ovata,
1068 1143 1270 1193 thorace
1307 1147 1586 1213 quadruplo
1621 1147 1748 1197 lon-

150 1217 316 1281 giora,
352 1211 569 1261 humeris
610 1224 659 1260 et
694 1214 833 1278 apice
870 1213 1162 1275 rotundata,
1199 1233 1346 1282 supra
1386 1218 1578 1267 modice
1616 1237 1749 1267 con—-

146 1302 308 1342 vexa,
346 1283 607 1330 confertim
644 1293 912 1348 punctata,
960 1286 1161 1349 punctis
1198 1287 1465 1350 majoribus
1511 1288 1564 1336 in
1603 1290 1744 1337 strias

146 1366 222 1408 sat
250 1351 496 1419 regulares
534 1349 773 1417 digestis,
822 1353 1094 1416 interjectis
1144 1353 1255 1405 aliis
1308 1358 1580 1406 minoribus
1628 1376 1742 1406 cre-

143 1425 272 1485 bris,
324 1440 452 1488 vage
487 1424 702 1488 sparsis3
749 1421 1046 1488 plerumque
1082 1426 1346 1476 saturatius
1382 1427 1488 1475 rufa
1524 1438 1575 1475 et
1611 1427 1744 1476 den-

148 1495 251 1542 sius
288 1493 611 1558 pubescentia
656 1510 804 1556 quam
838 1492 1016 1542 thorax
1051 1504 1102 1542 et
1141 1507 1319 1560 caput,
1368 1496 1518 1546 solito
1555 1498 1744 1545 imma-

146 1562 336 1623 culata,
392 1563 446 1609 in
493 1580 598 1613 var.
650 1563 711 1623 b,
763 1580 883 1611 vero
933 1574 1050 1611 ante
1105 1565 1326 1613 medium
1387 1567 1511 1615 disci
1559 1567 1745 1633 singuli

149 1631 297 1697 elytri
331 1643 574 1697 punctum
602 1631 875 1697 oblongum
914 1633 1128 1681 fuscum.
1181 1634 1372 1702 Corpus
1396 1638 1572 1685 subtus
1612 1655 1744 1685 con—

145 1702 308 1750 fertim
343 1713 669 1766 punctatum,
718 1702 920 1750 brevius
956 1704 1259 1768 pubescens,
1303 1716 1506 1771 pectore
1541 1716 1646 1754 toto
1684 1716 1743 1755 ut

148 1782 200 1819 et
235 1772 395 1818 antica
430 1782 569 1836 parte
604 1771 799 1820 ventris
835 1771 1016 1836 nigris,
1062 1772 1263 1821 thorace
1309 1792 1430 1823 vero
1468 1787 1517 1824 et
1553 1776 1743 1823 ambitu

147 1841 341 1906 postico
377 1841 567 1889 ventris
601 1841 734 1890 rufis.
807 1839 962 1888 Pedes
1001 1841 1270 1893 mediocres
1313 1845 1409 1894 toti
1454 1848 1562 1897 rufi.
1627 1846 1742 1895 Va·-

147 1912 240 1960 riat
278 1911 424 1958 etiam
458 1927 662 1977 corpore
699 1920 805 1959 toto
843 1909 1054 1976 pallido.

556 2066 1343 2125 ENDOMYCHUS.

145 2174 321 2252 Palpi
348 2175 686 2231 maxillares
718 2179 988 2252 capitati,
1035 2181 1286 2236 articulo
1319 2182 1529 2238 ultimo
1571 2200 1742 2236 cras—

272 2273 463 2342 siore,
541 2271 887 2347 subtrigono
901 2318 924 2345 ,
997 2274 1248 2331 labiales
1328 2273 1456 2332 Art.
1530 2268 1740 2330 ultimo

269 2366 453 2443 paulo
514 2366 780 2442 majore,
851 2368 960 2425 sub
985 2403 1024 2411 —
1050 2378 1242 2428 ovato,
1350 2370 1742 2427 Mandibulae

270 2461 441 2537 apice
462 2461 772 2518 distinctae
801 2462 984 2520 bifido
1011 2474 1112 2521 aut
1137 2466 1458 2522 bidentatO.
1503 2464 1744 2521 Anten—

267 2575 382 2612 nae
401 2555 685 2628 clavatae,
705 2558 954 2614 articulo
971 2580 1132 2618 nono
1148 2561 1532 2635 praecedenti
1550 2560 1743 2616 multo

271 2650 579 2725 longiore,
628 2652 838 2708 ultimo
866 2663 1071 2729 ovato,
1116 2657 1282 2730 apice
1311 2665 1532 2713 retuso,
1582 2655 1742 2711 Cor-

273 2764 386 2819 pus
424 2745 680 2818 alatum,
726 2748 1032 2823 glabrum,
1074 2750 1280 2807 subtus
1310 2770 1668 2811 convexum.

163 2877 215 2914 1.
268 2857 337 2913 E.
377 2859 844 2920 Coccineus:
909 2866 1110 2939 niger,
1171 2866 1430 2942 nitidus,
1486 2864 1746 2922 thoracis

270 2952 552 3012 lateribus
576 2956 729 3029 late,
769 2958 1088 3035 coleoptris
1125 2961 1562 3039 abdomineque
1601 2978 1747 3016 san-

1607 3052 1747 3128 gui-
