1966 3330
781 170 1111 248 Clytus.
1642 194 1756 233 101.

145 323 435 381 spectan-tet,
483 313 538 362 in
590 310 758 362 medio
807 312 990 376 fascia,
1039 327 1247 366 externe
1296 316 1470 380 latior,
1519 319 1759 384 utrinque

144 385 459 443 abbreviata,
511 394 562 430 et
608 384 735 431 intra
773 385 965 450 apicem
1015 383 1111 432 alia
1158 385 1332 450 latior,
1381 400 1604 438 suturam
1651 407 1760 438 non

144 455 414 519 attingens,
451 454 627 501 itidem
667 455 853 519 nigrae,
888 454 1187 505 denudatae.
1239 458 1433 525 Corpus
1463 461 1641 508 subtus
1671 461 1758 507 ni-

140 541 318 590 grum,
370 522 754 589 punctulatum,
809 525 945 590 pube
997 523 1228 590 depressa
1281 530 1759 579 flavo-virescente

140 604 344 644 tectum.
416 592 578 642 Pedes
613 593 866 660 elongati,
904 605 1117 660 tenues,
1153 602 1301 663 ‘parce
1337 599 1759 668 cinereo-pube-

140 674 366 726 scentes,
409 664 569 731 nigri,
607 665 749 713 tarsis
781 664 956 731 piceis.

146 861 202 915 8.
252 858 317 914 C.
369 878 503 915 orn
524 866 719 915 atus:
784 857 1062 932 brevior,
1108 851 1311 935 niger,
1354 861 1517 937 pube
1563 862 1760 921 ssave-

260 964 466 1011 scente
495 963 720 1026 tectus,
761 953 1007 1010 thorace
1031 955 1242 1028 fascia,
1294 956 1501 1032 elytris
1533 947 1758 1016 annulo

263 1051 473 1108 baseos
497 1050 815 1125 fasciisque
844 1050 1075 1108 duabus
1102 1052 1425 1110 denudatis
1451 1054 1654 1129 nigriS.

216 1161 390 1220 Fabr.
434 1160 681 1218 Sclzo'nlz.
725 1161 853 1237 Syn.
896 1160 951 1217 5.
991 1156 1134 1241 469.
1182 1160 1281 1220 59.

221 1267 536 1324 Callidz'um
578 1268 882 1338 ornatum,
925 1267 1081 1324 Oliv.
1120 1268 1306 1325 Panz.

220 1377 366 1435 Var.
405 1377 711 1449 b,‘fascia
769 1378 1034 1436 thoracis
1074 1378 1472 1453 obsoletiore,
1521 1378 1612 1436 bis
1653 1381 1760 1437 in—

306 1482 595 1551 terrupta.
655 1474 920 1534 Sclzotzlz.
949 1472 988 1533 1.
1018 1497 1066 1531 c.
1097 1495 1219 1554 var.
1248 1469 1318 1549 β.
1346 1475 1502 1532 forte
1530 1495 1677 1533 mas.

220 1586 480 1662 Leptura
525 1574 828 1656 verbasci,
871 1586 1046 1643 Lz'nn.
1090 1588 1234 1665 Syst.
1281 1606 1337 1643 2.
1378 1582 1520 1643 640.
1568 1605 1667 1643 22.

218 1697 470 1754 Habitat
507 1698 571 1752 in
600 1697 789 1771 pratis
829 1697 1154 1769 silvaticiS,
1206 1697 1369 1774 apud
1416 1718 1526 1754 nos
1562 1699 1759 1754 raris-

307 1795 475 1860 sime,
505 1794 567 1847 in
598 1791 975 1849 Kinnakulle
996 1792 1491 1869 VVestrogothiae
1524 1793 1757 1852 aDom.

306 1885 615 1965 Hollberg
653 1887 862 1944 lectus,

241 2030 297 2081 C.
344 2029 653 2080 verbasci
689 2029 868 2080 similis
906 2042 956 2080 et
996 2031 1190 2094 affinis,
1226 2030 1315 2081 sed
1361 2029 1517 2097 paulo
1554 2032 1755 2082 brevior

134 2113 185 2151 et
223 2100 404 2160 latior,
455 2102 725 2166 signaturis
762 2101 1030 2151 denudatis
1067 2102 1225 2150 aliter.
1255 2103 1587 2166 constructis,
1644 2122 1754 2169 pu·-

130 2173 383 2221 bescentia
417 2173 564 2231 flava,
602 2190 777 2236 parum
803 2174 1084 2222 virescente
1121 2183 1302 2223 tectus.
1377 2171 1556 2237 Caput,
1598 2173 1751 2237 oculi,

132 2253 379 2291 antennae
422 2254 640 2289 ceterum
681 2253 738 2289 ut
773 2242 826 2289 in
865 2245 1036 2309 priori.
1112 2243 1322 2292 Thorax
1349 2242 1502 2308 paulo
1530 2243 1750 2305 brevior,

130 2312 248 2361 alias
289 2312 513 2376 ejusdem
548 2322 822 2360 structurae
861 2325 912 2360 et
946 2312 1059 2361 loco
1088 2311 1410 2374 macularum,
1449 2313 1596 2361 fascia
1632 2313 1771 2362 nie-4

129 2383 210 2431 dia
247 2375 494 2430 denudata
516 2419 530 2443 ,
567 2383 738 2447 nigra,
778 2384 1016 2448 utrinque
1053 2384 1291 2431 arcuatim
1329 2394 1612 2444 attenuata,
1648 2384 1754 2445 ab·-

128 2453 369 2502 breviata.
443 2451 725 2500 Scutellum
764 2454 914 2502 utin
960 2453 1131 2519 priori.
1203 2454 1380 2517 Elytra
1430 2452 1587 2518 paulo·
1634 2453 1751 2502 bre-

126 2524 269 2573 viora
306 2532 367 2592 ⁴et
412 2522 770 2570 indumentum
823 2524 981 2590 magis
1042 2525 1351 2584 flavescens,
1410 2522 1532 2572 alias
1581 2523 1749 2588 quoad

125 2592 333 2641 formam
373 2602 423 2640 et
460 2603 757 2658 puncturam
799 2605 859 2642 ut
894 2595 949 2642 in
985 2594 1166 2660 priori3
1205 2593 1352 2655 juxta
1387 2592 1532 2642 basin
1570 2611 1748 2642 annu-

124 2662 208 2712 lus
245 2680 456 2728 magnus
495 2662 777 2712 denudatus
815 2665 987 2730 niger,
1035 2673 1239 2712 externe
1272 2673 1473 2711 tantum
1508 2674 1764 2730 apertusJ¹

124 2733 181 2780 in
220 2733 384 2781 medio
421 2733 569 2781 fascia
603 2732 704 2781 lata
749 2737 1014 2796 continua,
1074 2731 1135 2781 ad
1184 2735 1459 2800 marginem
1505 2745 1555 2782 et
1580 2744 1744 2783 ‘sutu-

123 2820 229 2851 ram
279 2804 494 2852 anterius
543 2802 1114 2861 acuminato-dilatata,
1163 2814 1215 2851 et
1248 2804 1379 2852 intra
1425 2805 1620 2869 apicem
1656 2802 1745 2851 al*

124 2882 256 2932 tera,
308 2874 459 2920 ‚etiam
492 2875 710 2939 integra,
765 2874 964 2923 interne
995 2874 1277 2939 angustior,
1339 2873 1515 2923 itidem
1568 2874 1744 2922 denu-

123 2940 297 3002 datae,
347 2943 532 3007 nigrae.
608 2942 802 3008 Corpus
858 2944 1035 2996 subtus
1084 2943 1314 3010 nigrum,
1362 2941 1741 3009 punctulatum‚

122 3012 259 3079 pube
297 3010 481 3075 densa,
507 3013 776 3082 depressa,
813 3015 963 3078 flava,
1000 3031 1178 3081 parum
1216 3016 1498 3066 virescente
1533 3024 1740 3131 tectulm.

138 3114 142 3117 -
431 3108 435 3113 ·
1574 3084 1644 3132 Pe
1684 3099 1737 3132 es
