1905 3330
204 117 327 179 608
607 83 991 197 ιιῃεῃᾱῑω
1031 123 1122 180 aa
1159 124 1226 182 P.
1267 126 1408 182 ιη.

299 271 550 328 Habitat
593 271 654 326 in
691 271 1117 348 Ostrogothiae
1173 285 1381 332 monte
1423 273 1722 351 Omberg‚
1773 296 1810 333 a

373 367 557 424 Dom.
591 352 917 425 Μανῌὶη
901 389 966 424 in
991 369 1207 445 copula
1235 380 1459 446 captus,

308 448 363 501 C.
416 451 647 500 albido
701 451 900 533 longior
946 455 1033 503 sed
1082 458 1364 521 angustior,
1416 457 1571 524 magis
1606 474 1807 506 conve-

202 540 317 571 xus.
392 521 558 588 Caput
593 523 769 583 breve,
811 519 1034 590 nigi·,urn
1072 525 1347 591 ruguioso-
1365 538 1684 592 punctatum,
1734 527 1808 574 ci-

203 609 395 641 nereo·
436 591 522 640 vel
574 594 902 659 ieirngineo-
919 596 1229 659 pubescens,
1299 595 1456 644 oculis
1506 595 1808 654 latemlibus,

204 662 466 728 depressis,
507 663 577 708 ni
563 662 686 727 31'183
726 677 932 711 rostrum
970 663 1238 712 latitudine
1269 665 1371 713 fere
1409 666 1583 739 capitis
1622 677 1670 713 et
1713 664 1803 713 illo

203 731 353 799 paulo
394 730 610 797 longius,
651 732 797 779 valde
837 751 1067 793 crassum,
1107 750 1250 799 supia
1291 753 1461 799 parum
1500 753 1803 797 convexum,

205 800 564 850 confertissime
604 801 884 866 ruguioso-
899 814 1222 868 punctatum,
1258 803 1478 852 obsoiete
1513 806 1801 866 carinatum,

203 873 488 940 praesertim
527 872 578 917 in
624 872 836 932 seminat,
875 883 1034 920 totum
1075 873 1299 937 ninum,
1359 892 1595 939 opacum,
1645 874 1808 940 pube-
1883 898 1885 900 ·

201 959 359 991 scens,
433 942 694 989 Antennae
747 943 951 1002 breves,
1003 961 1215 1004 crassae,
1269 945 1338 991 ni
1322 961 1466 1009 grae,
1514 942 1654 991 clava
1703 947 1807 991 ob-

202 1011 407 1077 longo—
423 1022 600 1069 ovata,
653 1013 964 1072 acuminata,
1027 1013 1180 1061 dense
1229 1016 1468 1062 cinereo-
1484 1015 1802 1093 pubescente.

204 1082 411 1130 Thorax
448 1078 710 1129 latitudine
742 1081 857 1130 lona
832 1083 963 1161 gior,
1014 1094 1290 1131 anti-orsum
1344 1083 1494 1149 paulo
1532 1084 1802 1148 angustior,

202 1153 341 1217 apice
387 1153 524 1200 sub-
541 1152 757 1199 bisinuat
743 1170 844 1212 us,
895 1151 1036 1216 juxta
1080 1155 1272 1232 apicem
1319 1155 1552 1218 utrinque
1588 1154 1804 1218 impres-

201 1239 314 1282 sus,
351 1222 457 1269 basi
494 1219 721 1269 elevato·
747 1223 1069 1288 marginatis,
1118 1224 1170 1270 in
1210 1223 1375 1271 medio
1413 1221 1647 1271 nonnihil
1686 1240 1804 1300 pro-

203 1291 409 1352 ductus,
463 1308 614 1356 supra
658 1262 876 1340 modice2³
901 1309 1189 1352 convexuS,
1239 1295 1483 1341 anterius
1542 1294 1802 1359 perspicue

202 1362 477 1422 carinatas,
550 1362 795 1425 posterius
854 1364 1297 1428 sub-impressus,
1373 1365 1539 1428 niger,
1596 1379 1799 1426 opacus,

200 1430 448 1480 subtiliter
485 1431 729 1479 coriaceus
759 1436 816 1479 et
850 1431 1130 1499 iugulosuS,
1171 1435 1306 1498 pube
1344 1435 1539 1480 cinerea
1574 1443 1659 1478 aut
1705 1431 1799 1478 ser--

199 1503 407 1564 ruginea
439 1511 629 1561 tectns;
666 1502 721 1547 in
759 1512 970 1566 utroque
1006 1501 1152 1550 latere
1187 1501 1321 1550 linea
1356 1500 1738 1567 longitudinalis
1772 1517 1799 1547 e

200 1573 335 1637 pube
393 1569 622 1635 depressa
666 1570 776 1618 alba
834 1584 918 1619 aut
963 1573 1282 1622 flavescente.
1384 1570 1662 1620 scutellum
1709 1571 1803 1618 vix

200 1640 382 1690 ullum.
455 1641 625 1704 Elytra
680 1641 840 1689 antice
887 1641 1100 1690 thoracis
1148 1642 1252 1690 basi
1298 1648 1398 1690 no'n
1447 1640 1647 1699 latiora,
1712 1639 1801 1687 sed

201 1728 321 1759 mox
360 1728 494 1776 pone
531 1710 670 1758 basin
707 1710 958 1776 ampliata,
996 1712 1192 1760 thorace
1228 1710 1344 1778 plus
1382 1709 1538 1777 duplo
1561 1709 1800 1774 longiora,

201 1782 339 1846 apice
378 1779 666 1840 rotundam,
717 1797 861 1847 supra
909 1779 1058 1830 valde
1095 1800 1352 1843 convexa,
1407 1783 1574 1847 nigra,
1630 1797 1800 1844 opaca,

199 1851 561 1899 confertissime
599 1852 844 1912 coriacea,
900 1851 1270 1900 obsoletissime
1317 1851 1798 1917 punctam-striata,

199 1923 334 1987 pube
371 1921 562 1968 cinerea
595 1932 681 1968 aut
719 1921 995 1988 ferruginea
1032 1923 1270 1982 obducta,
1320 1925 1372 1969 in
1422 1921 1528 1969 basi
1565 1921 1799 1968 interiore

200 1989 390 2055 singuli
437 1990 585 2054 elytri
635 1991 824 2039 macula
877 1990 1118 2058 oblonga,
1173 1991 1375 2055 obliqua
1427 2003 1475 2038 et
1523 1990 1575 2037 in
1615 1990 1799 2054 quovis

199 2062 405 2108 humero
443 2059 608 2121 linea,
651 2079 677 2109 e
713 2063 845 2141 pube
883 2061 1127 2128 depressa,
1165 2060 1326 2108 albida
1361 2059 1446 2109 vel
1481 2061 1800 2108 flavescente.

202 2130 396 2196 Corpus
449 2130 625 2178 subtus
673 2133 899 2197 nigrum,
976 2130 1222 2180 subtiliter
1283 2131 1585 2190 coriaceum,
1667 2129 1800 2194 pube

199 2201 352 2249 densa
389 2201 580 2260 cinerea
615 2212 702 2249 aut
735 2203 1009 2266 ferruginea
1044 2212 1250 2252 tectum
1295 2200 1451 2249 Pedes
1479 2196 1799 2266 longiusculi,

199 2270 393 2330 validi,
436 2271 589 2336 nigri,
631 2271 783 2320 dense
819 2273 1166 2337 pubescentes.

206 2366 262 2422 si.
301 2361 701 2418 Calbidus
746 2383 800 2438 p.
835 2363 984 2437 267.
1047 2358 1199 2417 Gen.
1231 2361 1601 2429 CleonUS,
1648 2355 1798 2413 sub-

310 2478 439 2531 gen.
474 2459 516 2510 Β
534 2457 715 2531 othy
733 2479 765 2512 n
786 2479 818 2512 o
837 2459 870 2512 d
891 2478 1010 2512 ere
1028 2479 1076 2528 S,
1102 2457 1361 2514 Sclzb'nlz.
1381 2455 1624 2530 Carap.
1653 2472 1676 2508 1
1697 2463 1796 2526 47.

203 2553 235 2607 5
257 2536 377 2608 -61
432 2551 494 2606 C.
536 2554 608 2607 in
630 2573 663 2626 q
683 2554 870 2608 uilin
890 2573 993 2609 us:
1058 2553 1348 2625 oblongus
1369 2593 1383 2620 ,
1433 2551 1632 2623 niger,
1675 2548 1796 2603 vil-

315 2648 558 2727 lositate'
603 2647 962 2702 flavescente
1013 2648 1366 2720 cinereaque
1390 2688 1411 2715 ,
1473 2648 1537 2700 in
1591 2643 1796 2717 elytris

230 2798 234 2803 ,
311 2740 600 2797 fasciatim
653 2744 1012 2797 condensata
1031 2784 1046 2810 ,
1116 2749 1338 2814 tectus3
1398 2749 1793 2795 antennarum

315 2855 493 2910 scapo
520 2837 893 2907 brevissimo,
919 2846 1112 2892 rostro
1144 2838 1327 2911 brevi,
1358 2842 1619 2905 arcuatO,
1646 2849 1794 2907 per-

310 2932 516 3004 spicue
556 2934 837 2988 carinam.

1642 3012 1796 3074 Gen.
