1966 3330
157 143 232 184 ιο
777 123 1122 204 Leptam.

149 266 477 326 acuminatis,
528 281 679 331 supra
725 267 782 315 in
833 264 973 318 disco
1021 286 1198 335 parum
1249 285 1538 330 convexus,
1588 268 1741 318 inae-

149 336 340 401 qualis,
388 333 712 384 subtilissime
745 336 1402 404 ruguloso-punctulatus,
1453 340 1592 405 pube
1628 341 1740 405 gri-

147 407 602 456 seo-flavescente
638 405 916 472 adspersus.
988 407 1267 456 Scutellum
1306 407 1609 474 triangulare
1649 410 1741 457 ni·-

145 493 318 542 grum,
357 472 726 540 punctulatum.
778 475 952 540 Elytra
987 479 1151 526 antice
1185 477 1399 528 thoracis
1436 480 1541 526 basi
1578 477 1733 545 paulo

143 545 346 605 latiora,
396 543 616 594 humeris
653 544 893 609 elevatis,
931 546 1130 595 thorace
1171 548 1450 614 quadruplo
1489 546 1734 615 longiora,

147 615 343 680 apicem
391 631 570 663 versus
606 625 887 676 attenuata,
935 617 1078 681 apice
1113 618 1225 683 ipso
1267 616 1471 682 oblique
1511 620 1735 684 emargi-

145 695 288 752 Περὶ,
326 682 512 749 angulo
548 686 789 733 exteriore
822 684 1050 751 longiore
1084 687 1402 751 acuminat03
1439 705 1587 752 supra
1616 706 1736 735 mo-

142 753 253 801 dice
289 770 550 813 comrexa,
585 755 753 820 nigra,
790 755 1051 803 confertim
1087 754 1414 822 punctulata‚
1454 775 1599 822 parce
1625 775 1735 822 pu—

140 824 427 872 bescentia:
473 824 567 872 sub
614 823 741 873 callo
788 823 1032 872 humerali
1081 824 1275 873 macula
1311 825 1526 893 oblonga
1561 829 1735 875 ssavo-

142 904 386 955 testacea,
424 903 476 941 et
508 904 623 942 ante
658 893 879 942 medium
918 895 1090 944 baseos
1128 893 1222 943 alia
1247 894 1449 959 oblique
1480 896 1735 960 quadran-

142 961 292 1029 gula,
349 961 535 1011 nullibi
581 965 830 1031 margines
877 975 1113 1030 tangens3
1158 975 1275 1013 ante
1324 964 1545 1013 medium
1588 963 1736 1029 elytri

140 1033 292 1082 fascia
340 1031 584 1081 undulata
633 1034 858 1098 ejusdem
904 1033 1110 1095 coloris,
1161 1045 1211 1084 et
1246 1034 1399 1100 paulo
1441 1052 1577 1100 pone
1617 1052 1734 1083 me-

137 1103 280 1152 dium
314 1100 462 1151 altera
498 1103 776 1166 ejusmodi,
812 1114 1034 1153 suturam
1073 1122 1176 1153 non
1210 1106 1490 1170 attingen83
1525 1103 1730 1152 tandem

136 1174 267 1222 intra
304 1172 498 1238 apicem
533 1172 726 1222 macula
763 1184 940 1235 ovata,
988 1185 1292 1235 transversa,
1338 1173 1519 1236 libera,
1558 1190 1732 1222 ornnes

138 1252 227 1291 aut
269 1241 397 1291 laete
442 1244 636 1306 flavae,
686 1254 773 1291 aut
823 1244 1085 1293 saturatius
1133 1243 1452 1294 lutescentes.
1539 1243 1732 1309 Corpus

137 1313 314 1361 subtus
348 1313 576 1379 nigrum,
611 1312 933 1363 subtilissime
970 1313 1356 1380 punctulatum,
1402 1311 1728 1380 pallescenti-

136 1381 376 1450 pilosum.
445 1381 602 1432 Pedes
641 1381 863 1451 elongati
897 1383 1057 1451 nigri,
1093 1385 1236 1434 sub-
1249 1385 1598 1452 pubescentes.

149 1507 250 1547 10.
302 1488 376 1547 L.
417 1489 859 1547 aurulenta:
921 1497 1180 1547 saturate
1227 1492 1427 1566 nigra,
1481 1489 1729 1545 thorace

261 1586 457 1641 antice
498 1586 847 1661 posticeque
887 1584 1069 1648 fascia
1097 1585 1537 1658 flavo—aurea,
1588 1585 1729 1659 ely-

255 1680 366 1735 tris
406 1678 603 1735 fasciis
625 1688 899 1755 'quatuor
925 1680 1281 1739 abbreviatis
1308 1682 1465 1737 flavo
1484 1687 1728 1736 -testa-

263 1776 413 1846 ceiS,
458 1776 732 1831 antennis
773 1774 1145 1850 pedibusque
1184 1777 1477 1831 testaceis.

216 1878 391 1936 Fabr.
419 1877 599 1934 Panz.
636 1878 882 1934 Sclzo'nlz.
917 1878 1042 1955 Syn.
1072 1877 1126 1934 5.
1167 1874 1308 1956 495.
1343 1874 1442 1936 64.

219 1982 474 2039 Habitat
534 1984 596 2036 in
656 1982 1008 2037 Finlandiae
1062 1982 1345 2040 silvaticis
1408 1981 1727 2051 rarissime,

263 2079 446 2135 Dom.
482 2072 703 2154 Pfezff'.

239 2181 537 2248 Magnitudo
584 2192 635 2231 et
683 2193 866 2231 statura
901 2181 1259 2249 praecedentis.
1346 2180 1509 2247 Caput
1542 2191 1727 2230 rotun—-

136 2251 308 2300 datum
350 2254 574 2318 nigrum,
609 2253 968 2302 confertissime
999 2251 1346 2318 punctulatum
1369 2289 1379 2307 ‚
1417 2252 1600 2300 fusco—
1621 2269 1728 2316 pu-

135 2323 374 2380 bescens,
425 2322 587 2370 fronte
638 2325 802 2371 antice
852 2321 1202 2384 canaliculata3
1267 2338 1321 2369 os
1373 2321 1727 2386 ferrugineum,

136 2390 437 2441 mandibulis
485 2390 751 2457 palpisque
798 2393 939 2458 apice
977 2393 1166 2457 piceis-⁰,
1218 2388 1349 2440 oculi
1391 2401 1448 2438 ut
1483 2392 1538 2439 in
1574 2408 1728 2456 prae-

134 2461 348 2509 cedenti.
451 2461 715 2510 Antennae
763 2463 912 2510 etiam
956 2461 1187 2511 similiter
1232 2471 1568 2520 constructae,
1636 2457 1725 2507 sed

133 2526 353 2579 feminae
401 2541 536 2579 totae
586 2531 1191 2598 ferrugineo—testaceae‚
1239 2532 1384 2579 maris
1434 2529 1727 2593 fusco-pi-

134 2617 265 2649 ceae.
339 2600 544 2648 Thorax
577 2603 741 2666 quoad
771 2612 1093 2661 structuram,
1130 2601 1509 2666 impressiones,
1547 2598 1726 2646 dentes

132 2670 334 2726 baseos,
369 2668 583 2717 colorem
621 2683 669 2719 et
703 2683 994 2736 puncturam
1034 2672 1240 2721 omnino
1264 2680 1320 2718 ut
1349 2668 1483 2734 apud
1515 2667 1578 2716 L.
1610 2669 1724 2715 4-—

133 2738 482 2786 fasciatam
520 2738 822 2806 descriptus,
858 2742 946 2791 sed
978 2744 1035 2790 in
1071 2740 1286 2805 margine
1326 2737 1522 2786 elevato
1559 2735 1724 2784 antico

135 2808 284 2856 fascia
335 2818 612 2858 transversa
660 2822 815 2871 recta,
870 2823 920 2859 et
967 2813 1094 2860 intra
1147 2809 1284 2856 basin
1334 2806 1485 2855 altera
1532 2815 1724 2853 arcuata

137 2895 164 2924 e
198 2875 319 2942 pilis
355 2877 522 2925 densis
559 2871 692 2927 fla'vo
730 2880 888 2929 aureis
920 2879 1185 2929 reclinatis.
1256 2874 1537 2926 Scutellum
1569 2875 1723 2923 elon-

137 2956 295 3013 gato‘-
308 2944 602 3013 triangulare
626 2949 837 3015 nigrum,
865 2951 1017 3001 dense
1043 2948 1527 3013 ssavo-pubescens.
1590 2943 1724 3007 Ely-

1656 3024 1723 3060 tra
