1905 3330
647 162 1186 236 Rlzynclzaenzls.
1603 160 1723 219 565

112 304 366 371 longiore,
418 305 584 352 minus
634 321 821 364 crasso,
891 315 1320 370 antennarumque
1378 303 1516 353 clava
1564 306 1724 367 brevi,

112 387 286 433 ovata,
338 375 435 422 fere
485 375 632 422 unice
680 373 977 436 distinctus3
1031 377 1191 422 forsan
1241 376 1582 440 praecedentis
1635 376 1722 423 se—

109 442 289 492 mina?
362 443 525 507 Caput
561 442 714 508 paulo
752 446 907 510 magis
949 461 1234 492 convexum
1274 455 1325 493 et
1363 444 1538 493 fortius
1574 464 1723 510 pun-

108 525 324 573 etatum,
385 524 599 560 ceterum
669 524 725 560 ut
775 515 826 561 in
882 514 1063 578 priori3
1113 524 1323 561 rostrum
1365 516 1527 580 capite
1563 515 1718 580 paulo

104 583 338 648 longius,
387 583 478 630 sub
528 593 752 643 rectum,
802 584 968 631 minus
1020 600 1264 644 crassum,
1321 585 1544 649 nigrum,
1584 586 1719 632 niti-

104 653 252 713 dum,
293 653 396 715 basi
436 653 603 698 crebre
640 664 965 718 punctatum,
1004 654 1145 718 apice
1181 651 1335 718 paulo
1372 654 1552 714 latius,
1591 657 1718 703 sub-¹

102 721 243 770 tilius
279 720 646 787 punctulatum.
700 723 969 771 Antemnae
998 723 1160 787 capite
1195 741 1308 770 cum
1339 723 1538 772 thorace
1564 724 1715 789 paulo

101 793 386 852 breviores,
435 791 771 857 ferrugineae,
831 791 976 840 clava
1016 795 1511 841 ovato-acuminata
1559 795 1712 856 fusca,

102 863 428 925 pubescente,
471 861 688 910 articulis
725 861 930 926 reliquis
971 861 1070 909 fere
1097 873 1156 909 ut
1196 863 1249 908 in
1288 864 1441 927 priori
1478 876 1708 912 constru-

98 931 208 980 ctis.
283 931 491 979 Thorax
531 942 586 979 ut
622 933 674 979 in
710 933 1038 997 praecedente
1075 931 1330 992 formatus,
1367 951 1518 998 supra
1555 933 1707 998 paulo

101 1002 258 1065 magis
310 1019 597 1058 convexus,
651 1001 864 1051 foveolis
913 1003 1075 1049 tribus
1127 1003 1384 1065 impressis
1435 1013 1484 1051 et
1521 1002 1710 1051 lineola

99 1071 260 1117 antica
301 1070 526 1132 elevata,
564 1070 730 1131 laevi,
769 1072 1081 1131 abbreviata,
1119 1081 1346 1133 notatus,
1404 1074 1611 1121 omnino
1652 1085 1708 1121 ut

97 1140 151 1187 in
196 1139 319 1203 illo;
371 1139 506 1189 color
555 1151 604 1188 et
654 1152 899 1205 punctura
950 1143 1098 1188 etiam
1150 1139 1338 1188 eadem.
1424 1141 1706 1190 Scutellum

95 1209 461 1274 majusculum,
503 1212 719 1275 nigrum,
759 1211 899 1276 apice
939 1213 1192 1259 obtusum.
1265 1209 1554 1275 Elytrorurn
1596 1212 1706 1260 sor-

94 1298 202 1341 ma,
254 1279 418 1340 color,
477 1278 606 1328 sulci
661 1291 709 1328 et
743 1281 1012 1330 interstitia
1066 1281 1274 1329 omnino
1311 1292 1369 1328 ut
1400 1283 1455 1330 in
1490 1300 1704 1348 praece—-

92 1350 261 1411 denti,
310 1349 460 1398 modo
510 1361 693 1415 puncta
739 1351 793 1398 in
834 1349 987 1399 sulcis
1025 1348 1178 1415 paulo
1216 1352 1430 1414 majora,
1479 1352 1702 1402 eviden-

89 1419 229 1468 tiora.
305 1419 495 1485 Corpus
534 1431 582 1468 et
618 1420 770 1487 pedes
805 1431 862 1469 ut
897 1422 952 1468 in
992 1421 1159 1486 priori,

98 1527 201 1584 13.
246 1525 319 1580 T.
367 1526 652 1597 Pruni,
708 1527 973 1583 Sclziinlz.

172 1615 476 1689 fllagdalis
507 1616 720 1685 Pruni,
772 1617 959 1671 Germ.
989 1617 1111 1672 Ins.
1134 1616 1230 1690 Sp.
1265 1618 1318 1672 I.
1355 1633 1490 1693 192.
1521 1637 1574 1672 a.

169 1700 593 1776 Rlzynclzczemcs
628 1701 851 1770 Przmi,
894 1702 1017 1756 Ins,
1045 1702 1143 1757 Sv.
1170 1701 1226 1758 3.
1259 1699 1356 1757 82.
1395 1697 1488 1756 16.

459 1837 1136 1889 RHYNCHAENUS.
1187 1849 1324 1888 cont.

97 1950 194 2004 17.
238 1931 316 1987 R.
358 1930 609 1986 Rhina
652 1952 707 2005 p.
744 1932 848 1986 85.
890 1932 1005 1988 vid.
1044 1940 1244 1988 antea:
1307 1929 1699 1987 Tharnuo-

204 2026 473 2102 philus
512 2025 766 2082 Rhina
806 2046 865 2084 n.
898 2046 1014 2098 10,
1059 2036 1117 2082 et
1158 2027 1287 2103 ejus
1319 2046 1442 2085 var.
1473 2026 1699 2097 b‚ibid,

205 2121 821 2196 Thamnophilus
865 2121 1362 2178 barbicornis
1405 2142 1463 2177 n.
1503 2140 1601 2176 11.

93 2219 189 2272 18.
239 2215 311 2271 R.
365 2217 842 2272 bi-nodulus
898 2219 1096 2292 1284.
1188 2216 1342 2273 Gen.
1378 2217 1696 2290 BagoUS‚

197 2311 460 2368 Schb‘nlz.
492 2311 662 2368 Cure.
681 2333 748 2388 p.
782 2314 939 2387 289.

92 2426 188 2481 19.
237 2405 314 2460 R.
362 2407 665 2462 lutosus
713 2427 773 2482 p.
804 2409 912 2481 85.
1214 2408 1360 2464 dito.

187 2491 310 2541 Obs.
371 2492 530 2541 Curc
550 2491 690 2541 ulio
749 2492 1112 2558 Collignen
1131 2493 1223 2542 sis
1276 2492 1529 2553 Herbstii,
1594 2490 1697 2539 huc

85 2580 188 2610 non
224 2562 442 2627 pertinet
460 2599 474 2624 ,
510 2573 724 2611 testante
761 2563 914 2614 Dom.
956 2562 1237 2629 Scfflippel,
1277 2565 1365 2628 qui
1395 2561 1568 2622 alium,
1606 2579 1697 2611 se-

85 2633 260 2697 quenti
295 2633 581 2696 proximum
601 2670 614 2694 ,
650 2634 743 2682 sub
784 2633 882 2683 hoc
917 2634 1124 2681 nomine
1163 2632 1572 2682 communicavit.

85 2741 189 2779 20.
235 2722 310 2778 R.
357 2723 801 2781 lutulentus
857 2747 914 2802 p.
952 2725 1057 2783 86.
1122 2725 1333 2782 Genus
1374 2726 1694 2800 Bagous‚

209 2816 578 2877 Schbnherr.

167 2907 438 2963 Curculio
466 2907 882 2982 Collignensz'S,
917 2909 1154 2968 Herbst.
1182 2908 1301 2968 Col.
1335 2929 1390 2986 7.
1421 2906 1520 2967 50.
1553 2905 1694 2965 608.

258 2991 398 3047 Tab.
446 2995 543 3069 98.
582 2994 643 3072 f.
691 3014 746 3070 7.
783 3013 830 3052 ς.
1571 3073 1674 3121 Ob<
