1905 3330
158 139 285 202 650
563 139 962 220 Appendiae
1004 139 1097 201 ad
1132 140 1200 200 P.
1243 140 1394 201 III.

167 303 281 347 sus,
328 284 386 334 in
433 281 606 333 medio
655 285 821 336 antico
870 284 1360 348 sub-rotundatas,
1410 299 1589 335 versus
1635 280 1790 333 latera

167 355 374 420 oblique
421 364 706 418 truncatus,
757 354 956 423 angulis
1004 373 1109 405 non
1153 356 1490 422 rprominulis3
1551 353 1791 404 lateribus

166 423 800 489 rotundato—ampliatus,
847 436 1059 492 anguste
1095 427 1427 491 mai-ginatus,
1481 426 1589 474 basi
1637 435 1795 474 trun-

169 506 342 558 catus,
377 511 527 560 supra
563 493 712 544 valde
751 513 1046 556 convexus,
1086 495 1335 559 aequalis,
1371 507 1661 558 castaneus,
1698 496 1793 543 ni—

167 566 335 627 tidus,
375 563 566 630 glaber,
605 565 932 615 subtilissime
972 564 1308 632 punctulatus.
1358 564 1636 613 Scutellum
1669 573 1793 632 par-2

168 653 326 690 vum,
367 635 725 696 rotundatum,
767 635 1018 686 concolor.
1092 633 1266 700 Elytra
1311 633 1579 683 latitudine
1613 635 1794 684 thora-

170 707 270 766 cis,
311 705 398 755 sed
436 703 525 752 illo
562 706 656 754 vix
692 706 847 774 triplo
875 705 1119 772 longiora,
1158 706 1299 770 apice
1338 706 1789 768 sub-acuminata,

172 794 323 841 supr-a
363 773 516 824 valde
553 793 811 838 convexa,
850 788 1102 835 castanea,
1144 775 1319 834 nitida,
1361 774 1544 840 glabra,
1586 777 1792 825 confer-

170 847 362 894 tissime
401 856 451 893 et
488 844 642 910 paulo
671 846 846 896 fortius
885 865 1034 912 quam
1063 846 1241 894 thorax
1269 856 1525 911 punctata.
1592 845 1791 912 Corpus

170 917 349 965 subtus
389 916 680 965 creberrime
719 917 1106 984 punctulatum,
1152 928 1237 964 aut
1287 926 1450 963 totum
1487 926 1793 979 castaneum,

171 997 262 1036 aut
299 987 460 1034 antice
497 986 717 1051 piceum.
787 988 949 1037 Pedes
985 989 1080 1037 toti
1115 987 1330 1034 testacei.

283 1057 455 1108 Variat
490 1057 640 1106 etiam
679 1076 882 1125 corpore
924 1069 1031 1108 toto
1069 1067 1156 1106 aut
1192 1068 1427 1116 testaceo,
1465 1066 1553 1105 aut
1587 1054 1794 1123 pallido.

487 1171 1216 1235 MYCETOPHAGUS
1270 1191 1322 1240 p.
1365 1173 1486 1240 387,

182 1276 236 1316 1.
288 1255 376 1314 M.
430 1253 974 1318 A-maculatus
1019 1274 1077 1329 p.
1115 1254 1270 1325 587.

266 1352 414 1410 Var.
457 1372 524 1424 c,
572 1348 821 1405 thorace
864 1357 990 1405 toto
1028 1348 1390 1422 ferrugineo.

263 1448 413 1507 Var.
430 1448 489 1519 cl,
521 1444 758 1521 macula
787 1444 1122 1521 ely-trorum
1149 1445 1379 1520 postica
1394 1461 1599 1519 parva,
1625 1460 1794 1517 pun-

344 1542 625 1600 ctiformi.

265 1638 566 1697 Habitant
616 1655 755 1695 cum
794 1635 1099 1714 prioribus
1142 1634 1352 1691 rarius.
1412 1630 1582 1690 Mas.
1607 1631 1791 1694 Dom.

344 1734 720 1794 Sclzbnlzerr.

175 1849 236 1890 2.
284 1831 370 1889 M.
421 1825 845 1887 a‘tomarius
895 1849 954 1907 p.
987 1829 1143 1884 588.

175 1929 237 1986 5.
284 1927 371 1985 Μ.
418 1925 841 1986 variabilis
891 1945 952 2000 p.
996 1925 1151 1999 590.

269 2023 416 2090 Var.
449 2024 502 2097 i,
542 2023 751 2098 elytris
781 2022 1001 2096 nigris,
1046 2016 1284 2076 macula
1322 2035 1537 2092 magna
1565 2015 1792 2071 hume-

343 2119 490 2191 rali,
542 2125 770 2194 puncto
819 2136 1008 2192 parvo
1062 2117 1238 2192 juxta
1291 2122 1594 2184 suturam,
1654 2119 1792 2166 ante

344 2215 644 2286 medium,
688 2212 928 2268 macula
968 2231 1155 2286 parva
1186 2212 1249 2264 in
1279 2211 1479 2264 medio
1508 2207 1792 2282 marginis

343 2310 607 2366 lateralis
631 2319 690 2366 et
717 2309 899 2365 fascia
928 2306 1294 2377 abbreviata,
1324 2304 1600 2380 simplici,
1632 2320 1792 2376 pone

343 2406 611 2462 medium
630 2448 644 2477 ‚
687 2404 963 2461 testaceis
982 2447 998 2476 ,
1050 2401 1287 2458 macula
1316 2399 1531 2476 apicali
1559 2397 1743 2453 nulla.

267 2499 527 2558 Habitat
549 2504 612 2557 in
646 2496 883 2574 Sca'nia,
911 2498 1183 2557 Lundae.
1222 2497 1405 2555 Dom.
1430 2495 1608 2572 Prof.
1638 2491 1794 2581 Zet-s

344 2598 624 2656 tersteclt.

190 2721 195 2726 ·
266 2689 415 2750 Var.
448 2693 506 2765 k,
552 2681 772 2751 thorax
799 2690 1332 2758 rufoetestaceuffi
1380 2684 1574 2758 elytra
1601 2683 1792 2757 nigra,

340 2787 524 2843 fascia
560 2788 771 2845 baseos
827 2787 947 2843 lata
984 2785 1241 2862 pallida3
1293 2789 1519 2860 puncto
1562 2779 1789 2855 pallido

339 2883 405 2938 in
453 2884 656 2939 medio
703 2883 990 2958 marginis
1028 2879 1331 2952 laterali53
1390 2877 1525 2935 loco
1566 2874 1790 2932 fasciae

344 2980 697 3057 posterioris
740 2979 1016 3046 maculae
1051 2978 1204 3036 duae
1240 2973 1532 3052 pallidae,
1586 2980 1792 3027 trans-„-

1645 3083 1790 3127 ver-
