1966 3330
260 112 283 126 ρ

219 112 337 171 104
776 113 1227 171 Coccinella.

212 267 343 305 ctore
386 253 622 317 utrinque
674 252 866 301 macula
913 254 1223 322 triangularis
1266 253 1394 306 alba.
1465 254 1625 304 Pedes
1671 255 1809 309 rufo-

212 325 441 382 testacei‚
481 333 685 370 externe
720 323 971 374 infuscati.

316 394 374 440 In
411 409 515 441 var.
553 392 613 452 b,
665 393 828 440 omnia
863 393 1271 456 rufo—testacea,
1320 411 1445 459 quae
1496 395 1550 442 in
1585 411 1613 442 a
1649 395 1807 460 nigra,

213 473 263 511 et
298 463 481 529 pagina
515 460 719 511 inferior
753 463 907 529 magis
944 462 1146 530 pallida.

217 643 274 698 9.
324 622 392 680 C.
449 640 474 678 1
492 623 528 678 4
548 654 585 664 ·-
602 631 813 697 gutta
830 631 851 678 t
870 642 934 679 a:
985 622 1094 681 sub
1113 655 1149 664 -
1169 621 1664 696 hemisphaerica,
1694 644 1809 681 ru—

334 716 752 789 fo-testacea,
802 718 1047 772 thorace
1076 718 1356 790 utrinque
1381 716 1620 788 lunula,
1671 719 1808 793 ely-

337 821 432 869 tro
464 813 698 887 singulo
727 813 907 887 guttis
935 820 1165 886 septem
1205 811 1435 880 albidis,
1474 831 1526 882 1,
1564 813 1622 884 5,
1660 831 1718 882 2,
1755 832 1808 866 1.

295 921 467 979 Linn.
509 920 684 976 Fabr.
741 921 837 976 De
887 919 1050 976 Ge'er.
1129 921 1292 994 Illig.
1346 919 1579 977 Herbst.
1639 921 1808 1000 Payk.

211 1008 227 1025 ²
383 1006 628 1062 Sclzonlz.
667 1006 793 1081 Syn.
843 1022 898 1060 2.
945 1022 1078 1082 19¹·
1129 1001 1262 1060 115.

297 1115 547 1174 Habitat
573 1116 635 1170 in
664 1114 945 1171 silvaticis
975 1121 1064 1170 sat
1088 1113 1385 1190 frequens.

316 1252 510 1300 Statura
565 1247 997 1315 praecedemium,
1074 1247 1369 1314 plerumque
1417 1247 1569 1314 paulo
1636 1250 1809 1298 minor.

214 1322 377 1387 Caput
413 1337 652 1386 parvum,
701 1318 980 1380 deflexum,
1029 1329 1240 1367 saturate
1275 1319 1467 1379 rufum,
1514 1318 1810 1366 immacula-

212 1405 353 1451 tum,
403 1390 566 1437 crebre
605 1387 990 1453 punctulatum,
1052 1387 1210 1436 oculis
1262 1387 1504 1452 depressis
1553 1389 1808 1436 brunneis.

216 1461 422 1509 Thorax
455 1459 554 1506 {ere
593 1469 650 1506 ut
684 1459 736 1505 in
776 1459 1024 1522 prioribus
1059 1469 1389 1518 constructus,
1426 1474 1574 1521 supra
1614 1457 1808 1504 modice

214 1546 507 1589 convexus,
545 1526 892 1593 punctulatus,
931 1538 1141 1576 saturate
1176 1527 1329 1588 rufus,
1370 1528 1586 1592 margine
1622 1529 1806 1575 reflexo

213 1598 516 1665 pallidiore,
555 1597 833 1662 diaphan03
884 1598 962 1645 in·
989 1595 1170 1663 angulo
1224 1597 1414 1661 postico
1448 1597 1682 1660 utrinque
1720 1595 1811 1643 lu—

213 1667 338 1717 nula
373 1666 554 1726 albida,
590 1661 798 1731 margini
827 1668 1076 1731 contigua.
1127 1664 1408 1713 Scutellum
1444 1665 1623 1714 rufum.
1674 1664 1811 1727 Ely-

213 1751 285 1786 tra
323 1755 528 1802 magna,
578 1753 836 1795 convexa,
888 1736 1287 1793 rufo-testacea,
1327 1735 1812 1799 crebre-punctam,

213 1807 369 1874 guttis
406 1807 460 1852 in
497 1802 698 1869 singulo
736 1815 924 1869 septem
963 1804 1172 1865 albidis,
1218 1804 1465 1852 interdum
1505 1804 1810 1852 fusco-cin-

214 1877 339 1937 ctis,
376 1876 536 1940 prima
573 1875 628 1921 in
666 1875 770 1922 basi
804 1876 1062 1936 interioret,
1100 1885 1207 1922 tum
1242 1884 1336 1922 tres
1371 1874 1423 1921 in
1459 1876 1606 1938 striga
1644 1884 1810 1921 trans-

215 1963 356 1995 versa
380 1956 494 1993 ante
531 1943 766 2005 medium,
804 1943 917 1991 dein
956 1944 1079 1991 duae
1113 1961 1245 2008 pone
1275 1943 1491 1990 medium
1521 1955 1572 1991 et
1610 1943 1809 1990 tandem

214 2015 393 2063 ultima
437 2016 564 2061 intra
611 2017 817 2078 apicem.
890 2014 1070 2061 Pectus
1106 2014 1280 2061 subtus
1335 2013 1559 2077 nigrum,
1621 2011 1812 2059 macula

219 2084 382 2131 albida
443 2084 676 2147 utrinque
738 2082 983 2145 anterius,
1050 2094 1230 2130 venter
1277 2083 1327 2129 in
1396 2082 1558 2130 medio
1619 2083 1810 2148 piceus,

217 2152 372 2202 limbo
411 2163 641 2202 testaceo.
712 2152 872 2200 Pedes
905 2152 998 2201 toti
1033 2150 1418 2201 rufo-testacei.

233 2334 333 2374 10.
388 2313 453 2369 C.
512 2313 631 2370 bis
659 2345 696 2353 —
725 2332 857 2370 sex
884 2342 922 2353 -
950 2319 1300 2387 guttata:
1379 2313 1487 2369 sub
1517 2344 1554 2353 -
1580 2312 1813 2368 hemis—

342 2408 646 2482 phaerica,
695 2408 1171 2478 ruso-testacea,
1211 2406 1455 2464 thorace
1487 2410 1679 2463 antice
1708 2408 1812 2464 vix

347 2504 743 2577 emarginatO,
779 2502 1065 2559 lateribus
1091 2501 1628 2578 albo-diaphano,
1673 2501 1813 2574 ely-

351 2603 444 2652 tro
480 2597 713 2672 singulo
756 2600 935 2673 guttis
985 2616 1092 2654 sex
1135 2596 1373 2670 albidis,
1442 2615 1462 2652 1
1489 2640 1511 2668 ,
1555 2614 1590 2652 2
1652 2595 1814 2651 obli-

344 2693 475 2765 quis
493 2735 508 2761 ,
564 2709 595 2745 2
622 2734 638 2763 ,
693 2711 714 2746 1
732 2737 745 2749 .

304 2798 477 2873 Fabr.
503 2801 842 2877 Illig.Hbst.
861 2799 1426 2877 Paykssclzonlzusyn.
1453 2817 1504 2854 2.
1527 2817 1658 2876 191.
1684 2797 1815 2854 115.

308 2909 552 2965 Habitat
587 2911 651 2966 in
674 2910 918 2984 Betula,
959 2912 1239 2984 Quercu,
1294 2909 1493 2966 minus
1519 2908 1817 2983 frequens

1693 2992 1818 3040 Par—
