1966 3330
738 180 1204 260 Hyphidrus.
1643 181 1770 244 585

569 320 1351 382 HYPHYDRUS.

166 442 218 481 1.
266 418 348 478 Η.
393 418 671 494 gibbus
717 437 777 494 p.
826 417 983 491 517.

161 535 219 574 2.
269 515 350 572 H.
400 514 650 571 ovalis
699 533 759 588 p.
798 514 953 568 518.

261 600 386 650 Obs.
435 602 643 649 Femina
681 599 1059 666 praecedentis,
1110 608 1238 647 teste
1275 599 1426 652 Dom.
1470 601 1612 655 Com.
1652 605 1770 653 De..

152 674 297 737 jean,
340 671 445 720 Cat.
493 690 548 736 p.
589 685 684 731 20,
739 670 876 734 quod
926 670 1077 717 etiam
1125 671 1569 720 verosimillimum
1622 677 1770 724 vide..

152 753 263 803 tur,
300 741 454 793 Dom.
507 740 835 787 Duftschmid
883 741 938 788 in
988 741 1162 786 Fauna
1197 738 1432 789 Austriae
1479 760 1520 790 1.
1556 755 1676 809 287.
1721 764 1765 798 1.

152 810 220 858 H.
267 811 535 876 gibbum
589 822 844 871 nostrum,
908 807 1083 873 elytris
1141 808 1393 857 subtiliter
1440 814 1768 877 punctulatis,

148 879 388 928 feminam
438 898 544 928 esse
599 880 749 935 dicit,
802 880 891 929 sed
938 881 1032 928 vix
1079 879 1217 942 jure,
1268 897 1384 926 nam
1435 880 1531 930 hoc
1592 896 1767 935 contra

151 950 434 1016 analogiam
471 952 525 998 in
562 949 774 998 Familia
810 949 1457 1016 Hydrochantarum.

238 1029 386 1099 Var.
422 1028 457 1085 b
477 1072 492 1102 ,
536 1029 784 1084 thorace
814 1028 1065 1084 maculis
1091 1028 1321 1083 duabus
1354 1030 1561 1087 baseos
1583 1031 1766 1089 fuscis

324 1124 638 1197 obsoletis,
696 1123 1032 1198 elytrorum
1077 1124 1349 1199 margine
1391 1127 1765 1204 maculisque

322 1219 579 1296 pallidis,

233 1314 486 1372 Habitat
514 1316 576 1370 in
597 1312 984 1369 Gottlandiae
1019 1313 1218 1390 aquis,
1256 1314 1765 1374 Dom.Fc'llzrech.

318 1408 487 1468 Μῑιε.
517 1410 703 1468 Dom.
735 1408 1106 1467 Sclzb'nlzerr.

256 1495 419 1545 Adest
451 1507 660 1561 uterque
698 1513 848 1545 sexus
893 1496 1041 1545 etiam
1092 1512 1157 1544 ex
1191 1494 1286 1546 hac
1320 1497 1595 1562 varietate3
1641 1515 1766 1561 mas,

150 1577 210 1616 ut
251 1569 462 1633 opinor,
503 1568 711 1615 omnino
746 1578 806 1614 ut
840 1567 906 1615 H.
947 1568 1195 1634 gibbus
1233 1567 1540 1633 descriptus,
1585 1569 1672 1617 sed
1708 1572 1765 1618 in

149 1639 385 1699 thorace,
436 1648 629 1703 praeter
666 1637 939 1702 marginem
988 1637 1208 1684 anticum
1258 1637 1500 1686 nonnihil
1536 1639 1766 1687 infusca*

151 1718 277 1768 tum,
315 1709 371 1754 in
410 1706 577 1754 medio
615 1707 788 1755 baseos
824 1705 1047 1754 maculae
1082 1706 1208 1754 duae
1245 1706 1546 1771 majusculae
1583 1719 1766 1757 rotun-

150 1777 294 1825 datae
339 1777 504 1825 fuscae
555 1777 827 1826 obsoletae.
909 1774 1200 1840 Elytrorum
1259 1777 1428 1826 discus
1493 1778 1765 1841 obscurior,

150 1847 240 1895 sed
278 1864 444 1910 margo
482 1845 699 1895 lateralis
735 1857 901 1906 totuS,
953 1847 1127 1895 baseos
1176 1845 1586 1911 in-aequaliter,
1647 1850 1767 1897 stria.

149 1915 626 1981 intra-marginalis
664 1934 825 1982 prope
863 1916 1162 1977 scutellum,
1226 1917 1420 1965 macula
1466 1917 1591 1965 disci
1627 1936 1764 1984 pone

147 1986 372 2035 medium
413 1998 463 2034 et
496 1985 612 2034 stria
650 1986 858 2051 obliqua
897 2005 922 2033 e
962 1987 1182 2053 margine
1220 2004 1398 2035 versus
1427 1988 1619 2052 apicem
1658 1989 1766 2036 du—

150 2068 228 2105 cta
269 2056 552 2122 pallidiora.
625 2058 686 2105 In
737 2057 951 2118 femina,
989 2057 1057 2106 H.
1097 2055 1286 2105 ovali
1335 2068 1551 2104 ceterum
1588 2057 1766 2106 simil—

150 2126 272 2176 lima
300 2128 582 2192 signaturae
615 2126 833 2175 thoracis
864 2126 1063 2174 eaedem
1106 2144 1161 2174 ac
1188 2128 1242 2174 in
1275 2126 1525 2190 masculo,
1562 2127 1616 2175 in
1655 2127 1770 2192 ely-

147 2197 239 2245 tris
276 2213 445 2262 margo
486 2196 664 2243 itidem
701 2195 952 2262 pallidus;
1002 2197 1120 2245 stria
1167 2198 1310 2260 juxta
1347 2209 1598 2253 suturam,
1648 2216 1769 2245 ma-

149 2266 263 2315 cula
313 2285 469 2332 parva
522 2266 584 2313 ad
631 2268 812 2328 basin,
875 2266 971 2315 alia
1019 2269 1176 2328 maior
1224 2285 1361 2332 pone
1408 2267 1674 2314 humerum
1713 2277 1766 2316 et

149 2337 294 2384 tertia
323 2355 457 2402 pone
487 2336 726 2398 medium,
764 2338 976 2404 margini
1005 2336 1196 2403 pallido
1234 2354 1521 2400 connexae3
1559 2336 1765 2386 demum

148 2408 279 2454 intra
329 2408 524 2472 apicem
568 2419 774 2455 externe
842 2410 958 2457 stria
1015 2406 1244 2471 obliqua,
1300 2407 1471 2456 libera.
1552 2406 1766 2455 Accedit

148 2476 271 2525 haec
306 2479 518 2525 varietas
553 2477 616 2525 ad
655 2479 721 2526 H.
758 2480 1211 2544 variegatum‚
1262 2477 1378 2540 Dej.
1421 2477 1528 2526 Cat.
1584 2495 1638 2543 p.
1677 2493 1762 2541 20,

150 2546 241 2594 sed.
275 2547 330 2595 111
365 2546 459 2595 illo
496 2548 778 2614 signaturae
817 2547 958 2596 aliter
994 2547 1249 2596 ordinatae
1286 2557 1335 2595 et
1369 2547 1669 2599 vivaciores.

156 2644 217 2702 5.
269 2642 349 2700 H.
399 2647 903 2722 in-aequalis
953 2667 1010 2721 p.
1045 2647 1199 2720 519.

234 2732 1024 2875 Hyffmcggajnaequalis’
1111 2733 1324 2814 ngfts.
1393 2733 1499 2794 Fn.
1566 2733 1761 2792 Austr.

157 2905 216 2964 4.
256 2903 338 2960 H.
384 2837 863 2966 rssticulatus
910 2929 967 2984 p.
1002 2909 1159 2968 520.

234 2993 591 3078 Hydraclzna
620 2999 950 3079 inaequalis
965 2997 1227 3079 femina.
1262 2997 1474 3080 Dufts.
1499 2998 1608 3058 loc.
1635 2997 1741 3146 Ciftl

1570 3091 1632 3148 5.
1742 3129 1756 3143 .
