1966 3330
766 155 1116 231 Leptam.
1681 168 1754 208 αι

222 304 387 364 Mas:
439 304 667 382 Elytris
717 304 957 377 lividis,
1008 304 1182 381 apice
1231 303 1437 379 nigris,

218 417 504 474 Femina:
554 415 785 490 Elytris
826 413 1029 471 rubris
1077 413 1500 470 immaculatis,

216 521 390 616 Li'in'
411 519 604 661 [fabr.
650 519 804 636 Pliv.
850 518 1011 595 Illig.
1055 517 1235 575 Panz.
1331 514 1581 574 Sclzo'nlz.
1626 515 1754 594 Syn.

306 617 362 661 ί).
457 625 554 683 77.
610 621 703 662 14.

216 722 473 782 Habitat
520 725 587 780 in
632 721 884 779 floribus
924 729 1241 799 pratorum
1291 726 1384 774 sat
1429 688 1734 794 frequens,

237 837 565 888 Praecedenti
598 837 749 889 valde
778 837 968 899 affinis,
1007 854 1153 903 aegre
1179 833 1567 901 distinguenda,
1603 852 1757 900 prae-

132 911 301 960 sertim
342 928 472 971 mas,
513 911 604 976 qui
640 920 808 958 tamen
849 906 1083 956 masculis
1118 906 1181 956 L.
1222 907 1416 955 cinctae
1453 902 1608 971 paulo
1648 906 1756 952 mi-

131 999 257 1044 nor3
308 992 486 1047 caput,
536 991 817 1041 antennae,
867 978 1077 1040 thorax,
1131 974 1401 1026 scutellum
1448 986 1506 1023 ut
1553 975 1607 1022 in
1663 973 1754 1023 illo

133 1052 374 1113 omnino,
411 1051 562 1099 modo
599 1050 816 1099 thoracis
852 1048 1021 1097 discus
1049 1048 1207 1115 magis
1239 1063 1532 1106 convexus,
1570 1045 1666 1095 vix
1700 1062 1756 1092 ac

133 1140 199 1170 ne
235 1123 330 1171 vix
369 1118 744 1171 canaliculatus.
817 1117 1110 1184 Elytrorum
1150 1118 1308 1166 forma
1345 1128 1396 1166 et
1431 1113 1567 1164 color
1606 1115 1758 1163 etiam

133 1203 194 1239 ut
230 1193 282 1239 in
321 1189 442 1252 illo,
498 1190 588 1239 sed
625 1209 794 1259 margo
846 1191 1064 1238 exterior
1102 1190 1356 1255 posterius
1389 1197 1586 1235 tantum
1625 1203 1758 1234 non-

132 1261 263 1309 nihil
299 1262 607 1322 infuscatus,
647 1273 698 1310 et
733 1272 902 1310 sutura
931 1261 1139 1309 omnino
1167 1255 1506 1309 immaculata.
1561 1255 1758 1323 Corpus

132 1343 184 1381 et
219 1331 377 1398 pedes
416 1343 472 1380 ut
507 1333 561 1380 in
601 1334 785 1398 priore.

130 1458 134 1468 Ι,
236 1404 448 1451 Femina.
482 1404 645 1462 magis
682 1402 881 1463 differt,
916 1399 1073 1468 paulo
1111 1398 1315 1450 brevior
1349 1409 1400 1447 et
1437 1396 1599 1448 multo
1637 1415 1758 1466 'ma-

129 1474 206 1539 gis
245 1490 510 1538 convexa3
544 1472 702 1538 elytra
738 1475 1002 1522 saturatius
1040 1473 1213 1534 rubra,
1253 1471 1461 1519 omnino
1500 1470 1754 1519 immacu—-

130 1542 244 1595 lata.
319 1543 491 1593 Cetera
527 1554 585 1593 ut
620 1545 677 1593 in
714 1542 901 1594 femina
935 1542 1297 1612 praecedentis.

136 1737 169 1776 2
185 1740 240 1775 o.
289 1718 360 1776 L.
405 1741 431 1777 s
450 1742 483 1777 a
498 1741 536 1777 n
556 1722 735 1796 guin
755 1742 790 1778 o
807 1742 832 1778 s
851 1741 884 1777 a
901 1739 913 1776 τ
968 1720 1246 1795 elongata
1283 1716 1395 1774 sub
1414 1718 1755 1795 -depressa

254 1818 312 1871 ni
321 1835 425 1890 gra
437 1855 458 1887 -,
523 1854 526 1858 -
552 1817 990 1873 confertissime
1053 1814 1408 1891 punctulata
1426 1855 1442 1884 ,
1504 1834 1508 1838 ·
1534 1831 1755 1889 parum

249 1912 590 1986 pubescens
605 1954 622 1985 ,
711 1912 921 1986 elytris
1010 1912 1119 1968 sub
1135 1909 1523 1966 -linearibus
1594 1909 1752 1965 laete

248 2007 594 2081 sanguineis
614 2048 632 2079 ,
682 2010 854 2082 apice
905 2006 1265 2063 rotundatis,

217 2125 474 2185 Habitat
516 2131 581 2186 in
631 2130 881 2188 floribus
930 2133 1148 2189 rarius·

226 2242 288 2292 L,
305 2262 326 2293 s
341 2262 366 2292 a
381 2263 411 2292 n
429 2262 460 2312 g
474 2264 509 2293 u
525 2245 540 2293 i
556 2265 588 2293 n
605 2244 665 2295 ol
679 2264 704 2295 e
721 2265 751 2294 n
768 2257 788 2295 t
807 2264 832 2295 a
846 2264 872 2295 e
906 2245 1110 2312 quidem
1128 2245 1250 2294 facie
1267 2241 1463 2306 similis,
1482 2240 1748 2292 eiusdem-

124 2332 221 2378 que
258 2314 362 2362 fere
395 2316 789 2382 magnitudinis,
831 2317 918 2366 sed
945 2315 1108 2365 multo
1138 2317 1296 2384 magis
1321 2315 1572 2381 depressa,
1612 2313 1748 2362 sub-

123 2383 325 2433 linearis
353 2396 402 2434 et
426 2397 485 2434 ut
515 2386 718 2435 videtur
746 2387 1001 2437 distincta.
1077 2387 1244 2452 Caput
1274 2403 1532 2451 magnum,
1566 2394 1749 2432 rotun·-

124 2455 328 2515 datum,
379 2473 554 2505 versus
595 2476 648 2506 os
691 2469 1043 2525 angustatum,
1094 2467 1313 2505 saturate
1364 2456 1564 2521 nigrum
1611 2471 1747 2502 con-

123 2524 389 2574 fel-tissime
426 2527 812 2592 punctulatum‚
849 2546 1029 2594 parurn
1065 2528 1372 2594 pubescens,
1411 2526 1601 2574 vertice
1644 2524 1746 2572 fere

122 2593 306 2661 plano,
358 2596 518 2644 fronte
568 2598 788 2647 anterius
838 2597 1061 2648 obsolete
1118 2595 1444 2645 canaliculata
1496 2605 1547 2644 et
1595 2612 1746 2661 supra

122 2682 180 2716 os
214 2668 536 2716 transversim
576 2670 849 2734 impressa3
883 2670 1018 2718 oculi
1054 2666 1330 2734 prominuli
1368 2666 1744 2733 nigro-brun-

121 2735 234 2796 nei,
274 2747 482 2802 anguste
520 2740 828 2806 emarginati.
906 2740 1171 2786 Antennae
1207 2736 1439 2797 validae,
1477 2746 1611 2785 totae
1649 2735 1745 2783 ni·-

120 2822 262 2868 grae‚
312 2805 638 2872 longitudine
687 2810 926 2874 corporis.
1003 2809 1211 2857 Thorax
1259 2807 1532 2856 latitudine
1576 2805 1743 2854 media

119 2875 214 2922 vix
254 2874 482 2942 longior,
518 2879 663 2940 juxta
698 2881 891 2945 apicem
932 2879 1030 2928 late
1069 2890 1118 2927 et
1146 2878 1394 2944 profunde
1421 2878 1738 2936 constrictus,

120 2945 340 3010 margine
375 2945 470 2994 alte
506 2947 736 3010 elevato,
774 2953 991 3013 reflexo,
1028 2948 1266 2997 lateribus
1289 2945 1528 2997 nonnihil
1551 2957 1738 2997 rotun-

120 3012 295 3078 datus,
349 3017 452 3066 basi
491 3017 855 3084 bi-sinuatus,
910 3019 1111 3089 angulis
1146 3020 1382 3071 brevibus
1424 3016 1738 3082 compressis,

1552 3098 1736 3137 rotun*-
