1905 3330
171 103 296 168 650.
577 101 974 187 Appendix
1017 103 1111 165 ad
1151 106 1219 165 P.
1256 107 1408 166 III.

269 256 418 318 Var.
436 257 515 334 f,
561 253 827 315 thoracis
865 255 1158 316 lateribus
1199 259 1320 317 late
1360 259 1619 336 pallidis,
1656 258 1798 334 ely-

344 352 455 409 tris
491 350 730 408 macula
767 360 1005 409 tantum
1049 357 1230 413 unica
1271 344 1564 434 interiore
1607 355 1799 431 nigra,

341 449 541 506 rarius
570 446 762 505 altera
790 447 1113 506 humerali.

270 543 419 603 Var.
459 564 537 622 g,
599 551 724 599 tota
771 545 976 621 nigra,
1025 552 1429 605 antennarum
1478 546 1608 604 basi
1655 553 1815 603 tan--

343 649 474 697 tum
514 647 795 697 testacea.

268 735 568 794 Habitant
620 755 832 794 omnes
885 738 951 795 in
984 736 1322 815 Lapponia.
1394 737 1580 796 Dom.
1635 737 1803 801 Com.

349 831 797 894 Mamer-heim
830 841 892 890 et
928 835 1112 912 Prof.
1137 835 1357 912 Prytz.

284 917 408 970 obs.
457 919 574 969 Var.
614 936 678 987 g,
735 920 899 987 primo
949 922 1143 972 intuitu
1203 917 1460 971 simillima
1509 917 1566 970 C.
1606 919 1804 974 vimi-

179 988 324 1038 nali
363 1008 466 1040 var.
504 987 554 1050 l,
620 988 708 1039 sed
754 990 969 1041 thoracis
1021 992 1189 1043 discus
1227 1001 1279 1039 et
1324 992 1595 1055 elytrorum
1635 992 1806 1040 inter-

178 1062 316 1112 stitia
343 1062 695 1129 impunctatat,
723 1079 904 1132 corpus
931 1064 1090 1132 magis
1116 1060 1394 1130 oblongum
1421 1072 1471 1110 et
1493 1078 1621 1112 anus
1646 1062 1804 1130 niger.

183 1198 298 1258 29.
347 1179 412 1237 C.
453 1179 673 1259 rufip
697 1200 771 1238 es
819 1202 878 1260 p.
912 1182 1067 1240 486.

185 1277 293 1334 50.
345 1275 412 1333 C.
462 1277 866 1334 viminalis
917 1298 976 1354 p.
1013 1279 1168 1351 487.

287 1361 416 1415 Obs.
464 1364 585 1414 Var.
623 1365 691 1427 b,
737 1364 936 1414 thorace
982 1365 1124 1426 rufo,
1186 1362 1546 1423 immaculato,
1596 1362 1809 1413 occurrit

184 1435 370 1496 etiam,
408 1436 562 1483 rarius
594 1433 746 1496 licet,
786 1436 989 1501 punctis
1028 1436 1256 1501 quinque
1294 1436 1448 1500 nigris
1494 1435 1712 1484 anterius
1750 1434 1805 1481 in

182 1503 388 1570 singulo
427 1504 623 1570 elytrot,
669 1506 831 1572 primo
872 1504 1127 1572 oblongo,
1164 1507 1306 1569 juxta
1358 1505 1654 1568 humerum3
1717 1521 1808 1552 se·-

182 1575 352 1624 cundo
391 1576 439 1624 ei
476 1576 752 1642 opposito,
806 1577 1019 1639 majore,
1057 1575 1362 1636 rotundato,
1423 1593 1599 1624 versus
1651 1584 1809 1623 sutum

181 1662 318 1709 rame,
355 1647 422 1708 3,
461 1648 526 1708 4,
565 1647 738 1714 parvis
773 1647 1098 1697 transversim
1135 1646 1339 1713 positis,
1389 1663 1523 1711 pone
1563 1642 1808 1692 maculam

181 1715 523 1780 humeralem,
583 1728 634 1765 et
682 1717 862 1782 quinto
916 1719 1132 1781 majore,
1194 1717 1444 1782 posterius
1501 1716 1809 1782 acuminato,

183 1786 340 1854 paulo
373 1805 511 1855 pone
549 1787 806 1851 medium,
844 1805 1022 1838 versus
1058 1798 1300 1838 suturam.

191 1908 302 1966 51.
357 1901 428 1966 C.
475 1910 907 1984 marginata
957 1929 1018 1985 p.
1049 1910 1207 1984 491.

283 2002 432 2061 Var.
461 2004 534 2077 cl,
573 2013 702 2061 tota
733 2006 938 2080 nigra,
988 2004 1323 2080 elytrorum
1352 2004 1624 2080 margine
1663 2002 1805 2081 pal-

358 2098 483 2156 lide
522 2098 884 2157 rufescente.

283 2191 538 2251 Habitat
575 2217 715 2252 cum
755 2195 1058 2272 prioribus
1089 2195 1303 2252 rarius.

295 2280 425 2334 Obs.
476 2283 721 2332 Thoracis
770 2301 937 2351 margo
976 2301 1080 2331 non
1122 2299 1322 2349 semper
1364 2298 1524 2347 aeque
1559 2277 1813 2326 incrassa-

191 2361 307 2414 tus,
371 2363 422 2401 et
470 2353 566 2402 hoc
616 2354 670 2402 in
717 2355 857 2402 omni
903 2354 1161 2405 varietate.
1233 2354 1350 2402 Var.
1398 2353 1462 2410 b,
1514 2349 1814 2416 plerumque

189 2423 346 2488 paulo
399 2423 569 2475 minor
616 2423 854 2490 reliquis,
922 2423 980 2474 C.
1034 2421 1359 2472 cinctella
1409 2420 1632 2486 Ziegler,
1693 2418 1810 2480 Dej.

194 2492 302 2542 Cat.
342 2511 396 2558 p.
444 2510 557 2543 122.
581 2530 594 2553 ‚
635 2495 721 2543 sed
758 2495 852 2542 vix
889 2494 1061 2560 specie
1101 2493 1317 2543 diversa.
1389 2491 1506 2540 Var.
1540 2508 1599 2550 c,
1647 2486 1812 2536 colore

191 2561 461 2628 pallidiore
475 2575 674 2613 tantum
691 2565 876 2628 differt,
902 2565 1169 2615 immatura
1194 2563 1338 2626 forte,
1366 2572 1424 2610 ut
1438 2571 1582 2611 antea
1606 2558 1812 2612 dictum.

197 2683 306 2738 32.
359 2683 427 2740 C.
476 2684 737 2740 anali's
790 2703 849 2760 p.
887 2683 1043 2759 492.

198 2779 309 2837 55.
364 2779 430 2835 C.
480 2788 709 2836 aucta
757 2800 815 2855 p.
851 2780 1006 2854 494.

199 2874 307 2930 34.
359 2874 425 2930 C.
476 2875 950 2951 marginella
996 2892 1055 2948 p.
1090 2869 1245 2944 495.

202 2969 307 3024 55.
363 2969 428 3027 C.
480 2971 896 3030 vitellinae
945 2989 1004 3048 p·
1037 2970 1190 3041 497·
1592 3043 1780 3097 HELO
