1966 3330
202 143 338 208 403*
615 142 1000 222 Appendiae
1046 143 1139 204 ad
1178 145 1246 204 P.
1283 95 1403 205 II.—

208 305 354 357 gosa,
389 287 672 352 impressus,
706 296 840 335 totus
874 288 1390 338 virescenti-aeneus
1416 285 1621 340 nitidus.
1667 288 1796 338 Scu-

209 356 388 406 tellum
462 374 667 416 arvum,
716 357 935 405 breviter
966 356 1264 425 triangulare
1299 356 1543 406 concolor.
1624 357 1800 424 Elytra

210 428 372 474 antice
407 437 428 473 t
467 426 618 473 oracis
671 426 778 474 basi
813 424 1021 475 dimidio
1059 428 1160 476 fere
1198 427 1403 489 latiora,
1454 427 1670 477 humeris
1708 446 1800 476 ro-

209 495 460 556 tundatis,
511 494 709 543 thorace
758 494 1034 562 quadruplo
1083 495 1337 562 longiora,
1398 496 1636 546 lateribus
1686 515 1801 544 am·-

208 564 383 631 pliata,
428 564 566 629 apice
594 564 873 626 rotundata,
908 583 1057 631 supra
1084 584 1345 632 perparum
1374 585 1616 627 convexa,
1652 566 1800 615 dorso

210 636 308 682 sere
343 631 521 702 plana,
558 644 643 681 aut
673 635 1176 695 virescenti-aenea,
1216 645 1301 683 aut
1336 636 1803 700 nigro-virescen-

209 705 277 751 tia
312 702 499 764 nitida,
536 702 786 757 subtiliter
821 704 1012 765 striata,
1063 705 1194 752 striis
1229 706 1545 754 interioribus
1581 705 1803 753 eviden-
1837 708 1843 713 ’

212 774 346 832 tius,
383 773 605 821 externis
644 771 965 821 subtilissime
1000 774 1279 838 punctatis,
1332 775 1562 823 omnibus
1595 776 1801 840 integris

212 846 403 909 apicem
443 841 829 907 attingentibus3
877 842 931 889 in
980 843 1098 891 stria
1141 844 1285 890 tertia
1334 860 1362 889 a
1408 852 1571 891 sutura
1619 856 1805 908 puncta

213 911 315 960 duo
341 912 521 974 majora
547 910 789 959 ordinaria
824 910 1080 977 impressa,
1120 923 1171 960 et
1205 912 1260 959 in
1307 912 1528 977 margine
1564 915 1804 962 exteriore

211 998 348 1047 pone
384 981 648 1029 humerum
685 979 911 1029 foveolae
962 993 1173 1046 quatuor
1222 979 1538 1045 majusculae.
1613 981 1806 1048 Corpus

214 1051 390 1099 subtus
427 1048 999 1115 nigro-coerulescens,
1038 1051 1286 1112 nitidum,
1323 1049 1563 1118 glabrum,
1600 1051 1808 1116 impun—

213 1130 414 1168 ctatum.
487 1118 642 1168 Pedes
680 1119 952 1171 mediocres
989 1122 1143 1189 nigri,
1196 1121 1336 1170 coxis
1389 1131 1440 1169 et
1486 1120 1592 1169 basi
1629 1121 1808 1169 intima

212 1190 456 1238 femorum
494 1188 804 1255 ferrugineis,

218 1315 251 1369 7
272 1326 309 1336 -
335 1297 391 1351 8.
432 1293 499 1349 Β.
543 1294 796 1353 olivae
817 1315 905 1352 eu
924 1315 984 1351 m
1002 1297 1027 1353 :'
1065 1287 1420 1372 oblongumj
1440 1296 1807 1372 depressum,

306 1390 1003 1462 *virescenti—aeneum,
1077 1399 1474 1447 antennarum
1552 1391 1806 1448 articulo

325 1485 523 1560 primo
561 1483 769 1540 subtus
806 1482 1219 1561 femorumque
1265 1486 1395 1541 basi
1429 1484 1805 1563 ferruginei5‚

330 1579 666 1653 elytrorum
698 1579 854 1635 striis
881 1569 1164 1636 tenuibus
1191 1581 1591 1655 impunctatiS.

297 1667 594 1743 Elaplzrus
598 1669 896 1744 prasium,
915 1667 1121 1745 Dufts.
1134 1668 1442 1726 Fn.Austr.
1461 1686 1515 1726 2.
1531 1686 1670 1727 201.
1691 1664 1767 1726 14
1781 1667 1810 1725 ἓ

296 1751 589 1828 Peryplzus
627 1754 937 1826 prosilitur,
974 1752 1111 1827 Dej.
1136 1753 1261 1810 Cat.
1298 1772 1356 1828 p.
1388 1772 1481 1831 17.

297 1841 442 1899 Var.
472 1838 538 1912 b,
583 1842 790 1917 elytris
819 1844 1129 1900 olivaceo-
1153 1845 1454 1900 brunneis,

296 1936 546 1993 Habitat
585 1936 694 1993 sub
726 1937 1025 2013 lapidibus
1074 1939 1247 2015 juxta
1286 1958 1498 2014 aquaS,
1545 1937 1608 1994 in
1639 1935 1809 2013 Lap-

382 2031 567 2107 ponia
589 2032 771 2090 Dom.
811 2034 1102 2109 Praepos.
1131 2033 1319 2090 Zach.
1362 2033 1591 2108 Grape.
1641 2031 1807 2092 Mas,

385 2125 564 2183 Dom.
598 2127 966 2185 Schbnlzerr.
1028 2128 1097 2182 In
1127 2127 1514 2183 Darlekarlia·
1530 2127 1692 2202 Ipse.

318 2210 614 2278 Magnitudo
651 2223 700 2260 et
734 2223 916 2262 statura
949 2214 1154 2262 omnino
1192 2214 1419 2280 proxime
1454 2210 1808 2278 praecedentis.

219 2279 382 2347 Caput
418 2283 625 2331 omnino
662 2293 721 2330 ut
753 2282 806 2330 in
845 2284 1023 2348 priori,
1074 2284 1218 2331 etiam
1258 2282 1424 2347 quoad
1460 2281 1701 2344 colorem;
1756 2298 1812 2329 os

218 2361 267 2398 et
303 2349 443 2417 palpi
479 2352 637 2418 nigri,
686 2351 987 2401 mandibulis
1023 2353 1354 2419 rufo-piceis,
1426 2351 1689 2400 A-ntennae
1723 2350 1815 2397 ni—

217 2436 358 2484 grae,
413 2421 619 2469 articulo
667 2423 828 2487 primo
873 2433 957 2471 aut
1004 2425 1220 2471 maxima
1277 2431 1444 2487 parte,
1506 2431 1592 2468 aut
1640 2418 1813 2468 saltem

218 2490 393 2538 subtus
429 2490 723 2556 ferrugineo,
799 2492 1008 2541 Thorax
1043 2493 1207 2557 quoad
1234 2502 1553 2548 structuram,
1592 2489 1814 2555 impres-

221 2558 384 2608 siones
432 2571 481 2609 et
527 2559 740 2609 colorem
790 2564 995 2611 omnino
1031 2573 1087 2610 ut
1135 2561 1268 2627 apud
1304 2560 1681 2625 praecedentem
1717 2558 1816 2606 de·-

221 2628 450 2691 scrithS.
532 2629 818 2695 Elytrorum
866 2632 1019 2680 forma
1065 2633 1210 2680 etiarn
1270 2631 1472 2691 eadem,
1533 2629 1619 2678 sed
1668 2628 1814 2677 striae

183 2758 193 2759 ἶ
224 2698 428 2746 omnino
466 2696 662 2760 laeves,
688 2702 1064 2767 „impunctatae3
1112 2711 1296 2766 puncta
1334 2699 1432 2747 duo
1470 2700 1657 2761 majora
1692 2697 1816 2745 dor-

147 2773 150 2775 ’
224 2763 429 2813 saliatet
466 2767 696 2817 foveolae
741 2770 1034 2838 marginales
1071 2781 1128 2818 ut
1173 2771 1226 2818 in
1260 2768 1367 2821 illo.
1441 2768 1633 2833 Corpus
1681 2768 1816 2817 sub-

223 2844 310 2882 tus
345 2836 533 2901 nigro—
560 2840 968 2890 sub-virescens
1003 2839 1237 2899 nitidum,
1271 2839 1655 2905 impunctatum.
1707 2837 1816 2884 Pe-

225 2902 313 2952 des
348 2902 651 2971 longiusculi
688 2909 851 2975 nigri,
887 2908 1157 2960 femoribus
1191 2909 1375 2976 piceis,
1402 2909 1588 2959 subtus
1622 2915 1675 2954 et
1709 2904 1816 2954 basi

212 2970 436 3029 ‘dilutius
471 2974 779 3043 ferrugineis.

1620 3044 1736 3095 Var.
1767 3043 1819 3106 b,
