<?xml version="1.0" encoding="UTF-8"?>
<!DOCTYPE html PUBLIC "-//W3C//DTD XHTML 1.0 Transitional//EN"
    "http://www.w3.org/TR/xhtml1/DTD/xhtml1-transitional.dtd">
<html xmlns="http://www.w3.org/1999/xhtml" xml:lang="en" lang="en">
 <head>
  <title>
</title>
<meta http-equiv="Content-Type" content="text/html;charset=utf-8" />
  <meta name='ocr-system' content='tesseract 3.04.00' />
  <meta name='ocr-capabilities' content='ocr_page ocr_carea ocr_par ocr_line ocrx_word'/>
</head>
<body>
  <div class='ocr_page' id='page_1' title='image "./insectasvecicade14gyll_0056.png"; bbox 0 0 1966 3330; ppageno 0'>
   <div class='ocr_carea' id='block_1_1' title="bbox 170 150 1148 227">
    <p class='ocr_par' dir='ltr' id='par_1_1' title="bbox 170 150 1148 227">
     <span class='ocr_line' id='line_1_1' title="bbox 170 150 1148 227; baseline -0.005 -16"><span class='ocrx_word' id='word_1_1' title='bbox 170 151 252 211; x_wconf 75' lang='grc' dir='ltr'><strong>4ο</strong></span> <span class='ocrx_word' id='word_1_2' title='bbox 805 150 1148 227; x_wconf 80' lang='lat' dir='ltr'><strong>Leptura.</strong></span> 
     </span>
    </p>
   </div>
   <div class='ocr_carea' id='block_1_2' title="bbox 259 290 1778 373">
    <p class='ocr_par' dir='ltr' id='par_1_2' title="bbox 259 290 1778 373">
     <span class='ocr_line' id='line_1_2' title="bbox 259 290 1778 373; baseline -0.001 -19"><span class='ocrx_word' id='word_1_3' title='bbox 259 296 430 373; x_wconf 65' lang='lat' dir='ltr'><strong>Payk.</strong></span> <span class='ocrx_word' id='word_1_4' title='bbox 471 294 576 353; x_wconf 75' lang='lat' dir='ltr'><strong>Fa.</strong></span> <span class='ocrx_word' id='word_1_5' title='bbox 604 295 660 350; x_wconf 80' lang='lat'><strong>5.</strong></span> <span class='ocrx_word' id='word_1_6' title='bbox 714 292 855 354; x_wconf 73' lang='lat'>105,</span> <span class='ocrx_word' id='word_1_7' title='bbox 876 293 932 351; x_wconf 83' lang='lat'><strong>5.</strong></span> <span class='ocrx_word' id='word_1_8' title='bbox 975 293 1222 352; x_wconf 73' lang='lat' dir='ltr'><strong>Sclzb&#39;nlz.</strong></span> <span class='ocrx_word' id='word_1_9' title='bbox 1259 296 1384 370; x_wconf 81' lang='lat' dir='ltr'><strong>Syn.</strong></span> <span class='ocrx_word' id='word_1_10' title='bbox 1413 294 1468 350; x_wconf 85' lang='lat'><strong>5.</strong></span> <span class='ocrx_word' id='word_1_11' title='bbox 1510 290 1650 371; x_wconf 76' lang='lat'>489.</span> <span class='ocrx_word' id='word_1_12' title='bbox 1680 294 1778 372; x_wconf 77' lang='grc'><strong>47.</strong></span> 
     </span>
    </p>
   </div>
   <div class='ocr_carea' id='block_1_3' title="bbox 261 404 1779 579">
    <p class='ocr_par' dir='ltr' id='par_1_3' title="bbox 261 404 1779 579">
     <span class='ocr_line' id='line_1_3' title="bbox 261 404 1779 486; baseline -0.002 -21"><span class='ocrx_word' id='word_1_13' title='bbox 261 407 406 465; x_wconf 80' lang='lat' dir='ltr'><strong>Var.</strong></span> <span class='ocrx_word' id='word_1_14' title='bbox 456 404 523 477; x_wconf 84' lang='lat' dir='ltr'><strong>b,</strong></span> <span class='ocrx_word' id='word_1_15' title='bbox 586 405 798 480; x_wconf 81' lang='lat' dir='ltr'><strong>elytris</strong></span> <span class='ocrx_word' id='word_1_16' title='bbox 853 406 1058 481; x_wconf 78' lang='lat' dir='ltr'><strong>nigris,</strong></span> <span class='ocrx_word' id='word_1_17' title='bbox 1165 406 1364 486; x_wconf 76' lang='lat' dir='ltr'><strong>Payk.</strong></span> <span class='ocrx_word' id='word_1_18' title='bbox 1425 405 1688 468; x_wconf 66' lang='lat' dir='ltr'><strong>Schbnh.</strong></span> <span class='ocrx_word' id='word_1_19' title='bbox 1737 406 1779 463; x_wconf 84' lang='lat' dir='ltr'><strong>l.</strong></span> 
     </span>
     <span class='ocr_line' id='line_1_4' title="bbox 341 499 678 579; baseline 0.012 -23"><span class='ocrx_word' id='word_1_20' title='bbox 341 520 390 557; x_wconf 85' lang='lat' dir='ltr'><strong>c.</strong></span> <span class='ocrx_word' id='word_1_21' title='bbox 439 518 570 559; x_wconf 78' lang='lat' dir='ltr'><strong>var.</strong></span> <span class='ocrx_word' id='word_1_22' title='bbox 613 499 678 579; x_wconf 83' lang='grc' dir='ltr'><strong>β.</strong></span> 
     </span>
    </p>
   </div>
   <div class='ocr_carea' id='block_1_4' title="bbox 258 613 1082 674">
    <p class='ocr_par' dir='ltr' id='par_1_4' title="bbox 258 613 1082 674">
     <span class='ocr_line' id='line_1_5' title="bbox 258 613 1082 674; baseline -0.002 -1"><span class='ocrx_word' id='word_1_23' title='bbox 258 615 508 673; x_wconf 81' lang='lat' dir='ltr'><strong>Habitat</strong></span> <span class='ocrx_word' id='word_1_24' title='bbox 550 617 615 672; x_wconf 89' lang='lat' dir='ltr'><strong>in</strong></span> <span class='ocrx_word' id='word_1_25' title='bbox 657 613 823 674; x_wconf 83' lang='lat' dir='ltr'><strong>silvis</strong></span> <span class='ocrx_word' id='word_1_26' title='bbox 870 615 1082 672; x_wconf 86' lang='lat' dir='ltr'><strong>rarius.</strong></span> 
     </span>
    </p>
   </div>
   <div class='ocr_carea' id='block_1_5' title="bbox 172 728 1784 1146">
    <p class='ocr_par' dir='ltr' id='par_1_5' title="bbox 172 728 1784 1146">
     <span class='ocr_line' id='line_1_6' title="bbox 278 728 1780 797; baseline -0.001 -17"><span class='ocrx_word' id='word_1_27' title='bbox 278 728 599 780; x_wconf 81' lang='lat' dir='ltr'><strong>Praecedenti</strong></span> <span class='ocrx_word' id='word_1_28' title='bbox 637 729 786 778; x_wconf 85' lang='lat' dir='ltr'><strong>nimis</strong></span> <span class='ocrx_word' id='word_1_29' title='bbox 823 730 1018 790; x_wconf 86' lang='lat' dir='ltr'><strong>affinis,</strong></span> <span class='ocrx_word' id='word_1_30' title='bbox 1058 746 1200 797; x_wconf 82' lang='lat' dir='ltr'>aegre</span> <span class='ocrx_word' id='word_1_31' title='bbox 1238 728 1624 796; x_wconf 84' lang='lat' dir='ltr'><strong>distinguenda,</strong></span> <span class='ocrx_word' id='word_1_32' title='bbox 1661 729 1780 796; x_wconf 88' lang='lat' dir='ltr'><strong>ple-</strong></span> 
     </span>
     <span class='ocr_line' id='line_1_7' title="bbox 175 798 1778 866; baseline -0.002 -15"><span class='ocrx_word' id='word_1_33' title='bbox 175 818 386 866; x_wconf 82' lang='lat' dir='ltr'><strong>rumque</strong></span> <span class='ocrx_word' id='word_1_34' title='bbox 421 801 614 862; x_wconf 85' lang='lat' dir='ltr'><strong>minor,</strong></span> <span class='ocrx_word' id='word_1_35' title='bbox 651 800 920 866; x_wconf 86' lang='lat' dir='ltr'><strong>angustior.</strong></span> <span class='ocrx_word' id='word_1_36' title='bbox 993 799 1186 865; x_wconf 85' lang='lat' dir='ltr'><strong>Caput,</strong></span> <span class='ocrx_word' id='word_1_37' title='bbox 1223 798 1389 860; x_wconf 82' lang='lat' dir='ltr'><strong>oculi&#39;,</strong></span> <span class='ocrx_word' id='word_1_38' title='bbox 1423 800 1617 860; x_wconf 80' lang='lat' dir='ltr'><strong>thorax,</strong></span> <span class='ocrx_word' id='word_1_39' title='bbox 1655 818 1778 848; x_wconf 81' lang='lat' dir='ltr'><strong>scu-</strong></span> 
     </span>
     <span class='ocr_line' id='line_1_8' title="bbox 172 868 1781 936; baseline -0.003 -15"><span class='ocrx_word' id='word_1_40' title='bbox 172 871 379 933; x_wconf 83' lang='lat' dir='ltr'><strong>tellum,</strong></span> <span class='ocrx_word' id='word_1_41' title='bbox 441 887 621 935; x_wconf 87' lang='lat' dir='ltr'><strong>corpus</strong></span> <span class='ocrx_word' id='word_1_42' title='bbox 673 880 724 917; x_wconf 88' lang='lat' dir='ltr'><strong>et</strong></span> <span class='ocrx_word' id='word_1_43' title='bbox 781 868 938 935; x_wconf 84' lang='lat' dir='ltr'><strong>pedes</strong></span> <span class='ocrx_word' id='word_1_44' title='bbox 1007 868 1171 934; x_wconf 86' lang='lat' dir='ltr'><strong>quoad</strong></span> <span class='ocrx_word' id='word_1_45' title='bbox 1221 869 1484 917; x_wconf 84' lang='lat' dir='ltr'><strong>minimum</strong></span> <span class='ocrx_word' id='word_1_46' title='bbox 1535 881 1781 936; x_wconf 87' lang='lat' dir='ltr'><strong>punctum</strong></span> 
     </span>
     <span class='ocr_line' id='line_1_9' title="bbox 173 937 1784 1007; baseline -0.002 -17"><span class='ocrx_word' id='word_1_47' title='bbox 173 952 234 990; x_wconf 89' lang='lat' dir='ltr'><strong>ut</strong></span> <span class='ocrx_word' id='word_1_48' title='bbox 284 939 348 988; x_wconf 82' lang='lat' dir='ltr'><strong>ad</strong></span> <span class='ocrx_word' id='word_1_49' title='bbox 398 939 776 1007; x_wconf 82' lang='lat' dir='ltr'><strong>praecedentem</strong></span> <span class='ocrx_word' id='word_1_50' title='bbox 823 938 1084 1005; x_wconf 85' lang='lat' dir='ltr'><strong>descripta.</strong></span> <span class='ocrx_word' id='word_1_51' title='bbox 1171 937 1434 987; x_wconf 84' lang='lat' dir='ltr'><strong>Antennae</strong></span> <span class='ocrx_word' id='word_1_52' title='bbox 1462 938 1784 1006; x_wconf 73' lang='lat' dir='ltr'><strong>longitudine</strong></span> 
     </span>
     <span class='ocr_line' id='line_1_10' title="bbox 174 1009 1779 1076; baseline -0.002 -16"><span class='ocrx_word' id='word_1_53' title='bbox 174 1009 393 1076; x_wconf 85' lang='lat' dir='ltr'><strong>corporis</strong></span> <span class='ocrx_word' id='word_1_54' title='bbox 444 1010 501 1058; x_wconf 86' lang='lat' dir='ltr'><strong>in</strong></span> <span class='ocrx_word' id='word_1_55' title='bbox 555 1020 770 1074; x_wconf 85' lang='lat' dir='ltr'><strong>utroque</strong></span> <span class='ocrx_word' id='word_1_56' title='bbox 820 1025 978 1069; x_wconf 84' lang='lat' dir='ltr'><strong>sexu,</strong></span> <span class='ocrx_word' id='word_1_57' title='bbox 1024 1019 1155 1057; x_wconf 87' lang='lat' dir='ltr'><strong>totae</strong></span> <span class='ocrx_word' id='word_1_58' title='bbox 1190 1010 1377 1073; x_wconf 31' lang='lat' dir='ltr'><strong>niglffae</strong></span> <span class='ocrx_word' id='word_1_59' title='bbox 1461 1009 1635 1073; x_wconf 82' lang='lat' dir='ltr'><strong>Elytra</strong></span> <span class='ocrx_word' id='word_1_60' title='bbox 1670 1011 1779 1057; x_wconf 82' lang='lat' dir='ltr'><strong>basi</strong></span> 
     </span>
     <span class='ocr_line' id='line_1_11' title="bbox 174 1078 1782 1146; baseline -0.002 -16"><span class='ocrx_word' id='word_1_61' title='bbox 174 1082 344 1130; x_wconf 86' lang='lat' dir='ltr'><strong>minus</strong></span> <span class='ocrx_word' id='word_1_62' title='bbox 380 1078 509 1140; x_wconf 84' lang='lat' dir='ltr'><strong>lata,</strong></span> <span class='ocrx_word' id='word_1_63' title='bbox 553 1096 728 1128; x_wconf 85' lang='lat' dir='ltr'><strong>versus</strong></span> <span class='ocrx_word' id='word_1_64' title='bbox 777 1079 972 1144; x_wconf 81' lang='lat' dir='ltr'><strong>apicem</strong></span> <span class='ocrx_word' id='word_1_65' title='bbox 1021 1080 1178 1146; x_wconf 85' lang='lat' dir='ltr'><strong>magis</strong></span> <span class='ocrx_word' id='word_1_66' title='bbox 1214 1090 1475 1146; x_wconf 83' lang='lat' dir='ltr'><strong>angustata</strong></span> <span class='ocrx_word' id='word_1_67' title='bbox 1526 1079 1782 1138; x_wconf 61' lang='lat' dir='ltr'><strong>xidentur,</strong></span> 
     </span>
    </p>
   </div>
   <div class='ocr_carea' id='block_1_6' title="bbox 96 1147 1779 1217">
    <p class='ocr_par' dir='ltr' id='par_1_6' title="bbox 96 1147 1779 1217">
     <span class='ocr_line' id='line_1_12' title="bbox 96 1147 1779 1217; baseline -0.002 -18"><span class='ocrx_word' id='word_1_68' title='bbox 96 1156 102 1164; x_wconf 86' lang='grc'>’</span> <span class='ocrx_word' id='word_1_69' title='bbox 174 1168 325 1217; x_wconf 88' lang='lat' dir='ltr'><strong>quam</strong></span> <span class='ocrx_word' id='word_1_70' title='bbox 373 1151 427 1198; x_wconf 84' lang='lat' dir='ltr'><strong>in</strong></span> <span class='ocrx_word' id='word_1_71' title='bbox 476 1149 659 1215; x_wconf 83' lang='lat' dir='ltr'>priori,</span> <span class='ocrx_word' id='word_1_72' title='bbox 711 1149 851 1196; x_wconf 89' lang='lat' dir='ltr'><strong>uni—</strong></span> <span class='ocrx_word' id='word_1_73' title='bbox 867 1147 1059 1210; x_wconf 87' lang='lat' dir='ltr'><strong>colora,</strong></span> <span class='ocrx_word' id='word_1_74' title='bbox 1114 1159 1199 1196; x_wconf 86' lang='lat' dir='ltr'><strong>aut</strong></span> <span class='ocrx_word' id='word_1_75' title='bbox 1251 1151 1532 1198; x_wconf 80' lang='lat' dir='ltr'><strong>brunneo-</strong></span> <span class='ocrx_word' id='word_1_76' title='bbox 1550 1160 1779 1210; x_wconf 87' lang='lat' dir='ltr'><strong>testacea,</strong></span> 
     </span>
    </p>
   </div>
   <div class='ocr_carea' id='block_1_7' title="bbox 176 1219 1784 1354">
    <p class='ocr_par' dir='ltr' id='par_1_7' title="bbox 176 1219 1784 1354">
     <span class='ocr_line' id='line_1_13' title="bbox 176 1219 1784 1299; baseline -0.001 -31"><span class='ocrx_word' id='word_1_77' title='bbox 176 1230 266 1268; x_wconf 86' lang='lat' dir='ltr'><strong>aut</strong></span> <span class='ocrx_word' id='word_1_78' title='bbox 327 1221 593 1268; x_wconf 80' lang='lat' dir='ltr'><strong>saturatius</strong></span> <span class='ocrx_word' id='word_1_79' title='bbox 639 1219 896 1279; x_wconf 87' lang='lat' dir='ltr'><strong>brunnea,</strong></span> <span class='ocrx_word' id='word_1_80' title='bbox 951 1230 1038 1266; x_wconf 84' lang='lat' dir='ltr'><strong>aut</strong></span> <span class='ocrx_word' id='word_1_81' title='bbox 1097 1219 1373 1268; x_wconf 87' lang='lat' dir='ltr'><strong>brunneo-</strong></span> <span class='ocrx_word' id='word_1_82' title='bbox 1400 1220 1569 1299; x_wconf 61' lang='lat' dir='ltr'><strong>nigra3</strong></span> <span class='ocrx_word' id='word_1_83' title='bbox 1630 1220 1784 1267; x_wconf 82' lang='lat' dir='ltr'><strong>rarius</strong></span> 
     </span>
     <span class='ocr_line' id='line_1_14' title="bbox 176 1288 1783 1354; baseline -0.001 -17"><span class='ocrx_word' id='word_1_84' title='bbox 176 1290 385 1342; x_wconf 80' lang='lat' dir='ltr'><strong>omnino</strong></span> <span class='ocrx_word' id='word_1_85' title='bbox 424 1289 593 1354; x_wconf 85' lang='lat' dir='ltr'><strong>nigra,</strong></span> <span class='ocrx_word' id='word_1_86' title='bbox 630 1298 687 1336; x_wconf 90' lang='lat' dir='ltr'><strong>ut</strong></span> <span class='ocrx_word' id='word_1_87' title='bbox 721 1288 775 1335; x_wconf 87' lang='lat' dir='ltr'><strong>in</strong></span> <span class='ocrx_word' id='word_1_88' title='bbox 813 1305 917 1337; x_wconf 80' lang='lat' dir='ltr'><strong>var.</strong></span> <span class='ocrx_word' id='word_1_89' title='bbox 958 1289 1021 1352; x_wconf 85' lang='lat' dir='ltr'><strong>b;</strong></span> <span class='ocrx_word' id='word_1_90' title='bbox 1058 1299 1277 1337; x_wconf 86' lang='lat' dir='ltr'><strong>ceterum</strong></span> <span class='ocrx_word' id='word_1_91' title='bbox 1315 1299 1372 1337; x_wconf 89' lang='lat' dir='ltr'><strong>ut</strong></span> <span class='ocrx_word' id='word_1_92' title='bbox 1404 1291 1459 1337; x_wconf 87' lang='lat' dir='ltr'><strong>in</strong></span> <span class='ocrx_word' id='word_1_93' title='bbox 1496 1290 1647 1354; x_wconf 84' lang='lat' dir='ltr'><strong>priori</strong></span> <span class='ocrx_word' id='word_1_94' title='bbox 1684 1307 1783 1336; x_wconf 88' lang='lat' dir='ltr'><strong>un·-</strong></span> 
     </span>
    </p>
   </div>
   <div class='ocr_carea' id='block_1_8' title="bbox 173 1357 1782 1495">
    <p class='ocr_par' dir='ltr' id='par_1_8' title="bbox 173 1357 1782 1495">
     <span class='ocr_line' id='line_1_15' title="bbox 173 1357 1782 1428; baseline -0.001 -20"><span class='ocrx_word' id='word_1_95' title='bbox 173 1360 326 1424; x_wconf 86' lang='lat' dir='ltr'><strong>dique</strong></span> <span class='ocrx_word' id='word_1_96' title='bbox 360 1357 609 1425; x_wconf 85' lang='lat' dir='ltr'><strong>profunde</strong></span> <span class='ocrx_word' id='word_1_97' title='bbox 642 1368 1149 1425; x_wconf 68' lang='lat' dir='ltr'><strong>rugoso-punctam,</strong></span> <span class='ocrx_word' id='word_1_98' title='bbox 1197 1358 1392 1428; x_wconf 81' lang='lat' dir='ltr'><strong>glabra,</strong></span> <span class='ocrx_word' id='word_1_99' title='bbox 1446 1360 1588 1428; x_wconf 84' lang='lat' dir='ltr'><strong>apice</strong></span> <span class='ocrx_word' id='word_1_100' title='bbox 1640 1358 1782 1408; x_wconf 83' lang='lat' dir='ltr'>obli--</span> 
     </span>
     <span class='ocr_line' id='line_1_16' title="bbox 174 1438 547 1495; baseline 0.003 -17"><span class='ocrx_word' id='word_1_101' title='bbox 174 1447 272 1495; x_wconf 87' lang='lat' dir='ltr'><strong>que</strong></span> <span class='ocrx_word' id='word_1_102' title='bbox 308 1438 547 1479; x_wconf 80' lang='lat' dir='ltr'><strong>truncata.</strong></span> 
     </span>
    </p>
   </div>
   <div class='ocr_carea' id='block_1_9' title="bbox 176 1602 1785 1964">
    <p class='ocr_par' dir='ltr' id='par_1_9' title="bbox 176 1602 1785 1964">
     <span class='ocr_line' id='line_1_17' title="bbox 176 1602 1782 1679; baseline -0.001 -19"><span class='ocrx_word' id='word_1_103' title='bbox 176 1605 284 1679; x_wconf 80' lang='lat'><strong>57.</strong></span> <span class='ocrx_word' id='word_1_104' title='bbox 330 1602 406 1661; x_wconf 89' lang='lat' dir='ltr'><strong>L.</strong></span> <span class='ocrx_word' id='word_1_105' title='bbox 456 1603 920 1660; x_wconf 86' lang='lat' dir='ltr'><strong>meridiana:</strong></span> <span class='ocrx_word' id='word_1_106' title='bbox 954 1602 1289 1679; x_wconf 74' lang='lat' dir='ltr'><strong>elongata,</strong></span> <span class='ocrx_word' id='word_1_107' title='bbox 1348 1606 1637 1679; x_wconf 87' lang='lat' dir='ltr'><strong>utrinque</strong></span> <span class='ocrx_word' id='word_1_108' title='bbox 1683 1612 1782 1658; x_wconf 80' lang='lat' dir='ltr'><strong>at—</strong></span> 
     </span>
     <span class='ocr_line' id='line_1_18' title="bbox 297 1690 1782 1775; baseline 0 -22"><span class='ocrx_word' id='word_1_109' title='bbox 297 1707 563 1772; x_wconf 81' lang='lat' dir='ltr'><strong>tenuata,</strong></span> <span class='ocrx_word' id='word_1_110' title='bbox 603 1690 988 1755; x_wconf 72' lang='lat' dir='ltr'><strong>snbtilissime</strong></span> <span class='ocrx_word' id='word_1_111' title='bbox 1037 1700 1411 1775; x_wconf 78' lang='lat' dir='ltr'><strong>punctulata‚</strong></span> <span class='ocrx_word' id='word_1_112' title='bbox 1457 1720 1639 1775; x_wconf 81' lang='lat' dir='ltr'><strong>supra</strong></span> <span class='ocrx_word' id='word_1_113' title='bbox 1686 1699 1782 1754; x_wconf 91' lang='lat' dir='ltr'><strong>ci—</strong></span> 
     </span>
     <span class='ocr_line' id='line_1_19' title="bbox 297 1788 1785 1871; baseline -0.001 -21"><span class='ocrx_word' id='word_1_114' title='bbox 297 1788 507 1866; x_wconf 82' lang='lat' dir='ltr'><strong>nere0,</strong></span> <span class='ocrx_word' id='word_1_115' title='bbox 557 1794 765 1850; x_wconf 83' lang='lat' dir='ltr'><strong>subtus</strong></span> <span class='ocrx_word' id='word_1_116' title='bbox 815 1813 999 1850; x_wconf 86' lang='lat' dir='ltr'><strong>aureo</strong></span> <span class='ocrx_word' id='word_1_117' title='bbox 1038 1796 1137 1853; x_wconf 80' lang='lat' dir='ltr'><strong>vel</strong></span> <span class='ocrx_word' id='word_1_118' title='bbox 1186 1805 1471 1871; x_wconf 83' lang='lat' dir='ltr'><strong>argenteo</strong></span> <span class='ocrx_word' id='word_1_119' title='bbox 1516 1796 1785 1850; x_wconf 51' lang='lat' dir='ltr'><strong>sericeo-v</strong></span> 
     </span>
     <span class='ocr_line' id='line_1_20' title="bbox 302 1889 1042 1964; baseline 0.001 -20"><span class='ocrx_word' id='word_1_120' title='bbox 302 1889 674 1964; x_wconf 79' lang='lat' dir='ltr'><strong>pubescen8‚</strong></span> <span class='ocrx_word' id='word_1_121' title='bbox 725 1890 1042 1946; x_wconf 84' lang='lat' dir='ltr'><strong>varicolor.</strong></span> 
     </span>
    </p>
   </div>
   <div class='ocr_carea' id='block_1_10' title="bbox 257 2000 1523 2084">
    <p class='ocr_par' dir='ltr' id='par_1_10' title="bbox 257 2000 1523 2084">
     <span class='ocr_line' id='line_1_21' title="bbox 257 2000 1523 2084; baseline -0.002 -19"><span class='ocrx_word' id='word_1_122' title='bbox 257 2006 431 2065; x_wconf 80' lang='lat' dir='ltr'><strong>Fabr.</strong></span> <span class='ocrx_word' id='word_1_123' title='bbox 474 2006 639 2084; x_wconf 77' lang='lat' dir='ltr'><strong>Payk.</strong></span> <span class='ocrx_word' id='word_1_124' title='bbox 681 2006 927 2065; x_wconf 66' lang='lat' dir='ltr'><strong>Sclwnh.</strong></span> <span class='ocrx_word' id='word_1_125' title='bbox 971 2007 1099 2082; x_wconf 78' lang='lat' dir='ltr'><strong>Syn.</strong></span> <span class='ocrx_word' id='word_1_126' title='bbox 1141 2003 1196 2061; x_wconf 77' lang='lat'><strong>5.</strong></span> <span class='ocrx_word' id='word_1_127' title='bbox 1234 2000 1376 2082; x_wconf 77' lang='grc'><strong>478.</strong></span> <span class='ocrx_word' id='word_1_128' title='bbox 1430 2023 1523 2081; x_wconf 90' lang='lat'><strong>17.</strong></span> 
     </span>
    </p>
   </div>
   <div class='ocr_carea' id='block_1_11' title="bbox 260 2124 1789 2470">
    <p class='ocr_par' dir='ltr' id='par_1_11' title="bbox 260 2124 1789 2470">
     <span class='ocr_line' id='line_1_22' title="bbox 260 2124 1789 2200; baseline -0.001 -20"><span class='ocrx_word' id='word_1_129' title='bbox 260 2125 335 2199; x_wconf 82' lang='lat' dir='ltr'><strong>a)</strong></span> <span class='ocrx_word' id='word_1_130' title='bbox 378 2125 580 2200; x_wconf 84' lang='lat' dir='ltr'><strong>nigra,</strong></span> <span class='ocrx_word' id='word_1_131' title='bbox 655 2144 798 2199; x_wconf 81' lang='lat' dir='ltr'><strong>ore,</strong></span> <span class='ocrx_word' id='word_1_132' title='bbox 860 2132 1261 2181; x_wconf 80' lang='lat' dir='ltr'><strong>antennarum</strong></span> <span class='ocrx_word' id='word_1_133' title='bbox 1320 2124 1483 2193; x_wconf 83' lang='lat' dir='ltr'><strong>basi,</strong></span> <span class='ocrx_word' id='word_1_134' title='bbox 1561 2124 1789 2198; x_wconf 77' lang='lat' dir='ltr'><strong>elytri5‚</strong></span> 
     </span>
     <span class='ocr_line' id='line_1_23' title="bbox 343 2219 1789 2296; baseline -0.003 -20"><span class='ocrx_word' id='word_1_135' title='bbox 343 2222 574 2296; x_wconf 88' lang='lat' dir='ltr'><strong>pedum</strong></span> <span class='ocrx_word' id='word_1_136' title='bbox 622 2222 891 2277; x_wconf 83' lang='lat' dir='ltr'><strong>maxima</strong></span> <span class='ocrx_word' id='word_1_137' title='bbox 935 2228 1107 2296; x_wconf 86' lang='lat' dir='ltr'><strong>parte</strong></span> <span class='ocrx_word' id='word_1_138' title='bbox 1138 2219 1601 2293; x_wconf 82' lang='lat' dir='ltr'><strong>abdomineque,</strong></span> <span class='ocrx_word' id='word_1_139' title='bbox 1651 2239 1789 2274; x_wconf 86' lang='lat' dir='ltr'><strong>ma-</strong></span> 
     </span>
     <span class='ocr_line' id='line_1_24' title="bbox 298 2314 1789 2390; baseline -0.002 -18"><span class='ocrx_word' id='word_1_140' title='bbox 298 2344 301 2347; x_wconf 93' lang='lat'><em>·</em></span> <span class='ocrx_word' id='word_1_141' title='bbox 348 2318 431 2372; x_wconf 83' lang='lat' dir='ltr'><strong>ris</strong></span> <span class='ocrx_word' id='word_1_142' title='bbox 501 2324 629 2373; x_wconf 86' lang='lat' dir='ltr'><strong>toto</strong></span> <span class='ocrx_word' id='word_1_143' title='bbox 648 2351 681 2385; x_wconf 88' lang='lat'><strong>,-</strong></span> <span class='ocrx_word' id='word_1_144' title='bbox 744 2314 1005 2372; x_wconf 84' lang='lat' dir='ltr'><strong>feminae</strong></span> <span class='ocrx_word' id='word_1_145' title='bbox 1066 2317 1237 2390; x_wconf 83' lang='lat' dir='ltr'><strong>apice</strong></span> <span class='ocrx_word' id='word_1_146' title='bbox 1307 2322 1541 2370; x_wconf 86' lang='lat' dir='ltr'><strong>tantum</strong></span> <span class='ocrx_word' id='word_1_147' title='bbox 1600 2322 1789 2370; x_wconf 85' lang='lat' dir='ltr'><strong>testa-</strong></span> 
     </span>
     <span class='ocr_line' id='line_1_25' title="bbox 352 2410 1136 2470; baseline -0.003 -3"><span class='ocrx_word' id='word_1_148' title='bbox 352 2412 489 2467; x_wconf 85' lang='lat' dir='ltr'><strong>ceis.</strong></span> <span class='ocrx_word' id='word_1_149' title='bbox 587 2410 853 2470; x_wconf 62' lang='lat' dir='ltr'><strong>Solabnh.</strong></span> <span class='ocrx_word' id='word_1_150' title='bbox 894 2411 933 2467; x_wconf 87' lang='lat' dir='ltr'><strong>l.</strong></span> <span class='ocrx_word' id='word_1_151' title='bbox 979 2431 1026 2466; x_wconf 91' lang='lat' dir='ltr'><strong>c.</strong></span> <span class='ocrx_word' id='word_1_152' title='bbox 1079 2433 1136 2470; x_wconf 88' lang='grc' dir='ltr'><strong>α.</strong></span> 
     </span>
    </p>
   </div>
   <div class='ocr_carea' id='block_1_12' title="bbox 268 2530 1792 2703">
    <p class='ocr_par' dir='ltr' id='par_1_12' title="bbox 268 2530 1792 2703">
     <span class='ocr_line' id='line_1_26' title="bbox 268 2530 1791 2607; baseline -0.007 -14"><span class='ocrx_word' id='word_1_153' title='bbox 268 2534 409 2593; x_wconf 81' lang='lat' dir='ltr'><strong>Var.</strong></span> <span class='ocrx_word' id='word_1_154' title='bbox 465 2533 519 2606; x_wconf 79' lang='lat' dir='ltr'><strong>b,</strong></span> <span class='ocrx_word' id='word_1_155' title='bbox 556 2536 808 2592; x_wconf 88' lang='lat' dir='ltr'><strong>omnino</strong></span> <span class='ocrx_word' id='word_1_156' title='bbox 859 2542 929 2589; x_wconf 88' lang='lat' dir='ltr'><strong>ut</strong></span> <span class='ocrx_word' id='word_1_157' title='bbox 969 2553 1003 2589; x_wconf 88' lang='lat' dir='ltr'><strong>a</strong></span> <span class='ocrx_word' id='word_1_158' title='bbox 1052 2534 1112 2589; x_wconf 90' lang='lat' dir='ltr'><strong>in</strong></span> <span class='ocrx_word' id='word_1_159' title='bbox 1165 2539 1424 2607; x_wconf 85' lang='lat' dir='ltr'><strong>utroque</strong></span> <span class='ocrx_word' id='word_1_160' title='bbox 1470 2550 1641 2600; x_wconf 81' lang='lat' dir='ltr'><strong>sexn,</strong></span> <span class='ocrx_word' id='word_1_161' title='bbox 1687 2530 1791 2584; x_wconf 85' lang='lat' dir='ltr'><strong>sed</strong></span> 
     </span>
     <span class='ocr_line' id='line_1_27' title="bbox 348 2627 1792 2703; baseline -0.004 -18"><span class='ocrx_word' id='word_1_162' title='bbox 348 2629 685 2703; x_wconf 84' lang='lat' dir='ltr'><strong>elytrorum</strong></span> <span class='ocrx_word' id='word_1_163' title='bbox 745 2638 951 2687; x_wconf 87' lang='lat' dir='ltr'><strong>sutura</strong></span> <span class='ocrx_word' id='word_1_164' title='bbox 1010 2637 1068 2684; x_wconf 88' lang='lat' dir='ltr'><strong>et</strong></span> <span class='ocrx_word' id='word_1_165' title='bbox 1114 2647 1273 2703; x_wconf 83' lang='lat' dir='ltr'><strong>apex</strong></span> <span class='ocrx_word' id='word_1_166' title='bbox 1314 2628 1432 2683; x_wconf 88' lang='lat' dir='ltr'><strong>late</strong></span> <span class='ocrx_word' id='word_1_167' title='bbox 1482 2627 1792 2700; x_wconf 81' lang='lat' dir='ltr'><strong>nigrican—</strong></span> 
     </span>
    </p>
   </div>
   <div class='ocr_carea' id='block_1_13' title="bbox 350 2714 1290 2794">
    <p class='ocr_par' dir='ltr' id='par_1_13' title="bbox 350 2714 1290 2794">
     <span class='ocr_line' id='line_1_28' title="bbox 350 2714 1290 2794; baseline -0.001 -16"><span class='ocrx_word' id='word_1_168' title='bbox 350 2726 451 2783; x_wconf 82' lang='lat' dir='ltr'><strong>tia.</strong></span> <span class='ocrx_word' id='word_1_169' title='bbox 553 2724 817 2782; x_wconf 71' lang='lat' dir='ltr'><strong>Schb&#39;tzlz.</strong></span> <span class='ocrx_word' id='word_1_170' title='bbox 861 2723 900 2781; x_wconf 87' lang='lat' dir='ltr'><strong>l.</strong></span> <span class='ocrx_word' id='word_1_171' title='bbox 948 2744 996 2784; x_wconf 80' lang='lat' dir='ltr'><strong>c,</strong></span> <span class='ocrx_word' id='word_1_172' title='bbox 1046 2742 1175 2781; x_wconf 77' lang='lat' dir='ltr'><strong>var.</strong></span> <span class='ocrx_word' id='word_1_173' title='bbox 1227 2714 1290 2794; x_wconf 80' lang='grc' dir='ltr'><strong>β.</strong></span> 
     </span>
    </p>
   </div>
   <div class='ocr_carea' id='block_1_14' title="bbox 267 2836 1797 3103">
    <p class='ocr_par' dir='ltr' id='par_1_14' title="bbox 267 2836 1797 3103">
     <span class='ocr_line' id='line_1_29' title="bbox 267 2836 1796 2915; baseline -0.006 -16"><span class='ocrx_word' id='word_1_174' title='bbox 267 2841 411 2899; x_wconf 80' lang='lat' dir='ltr'><strong>Var.</strong></span> <span class='ocrx_word' id='word_1_175' title='bbox 458 2861 520 2910; x_wconf 73' lang='grc' dir='ltr'><strong>ε,</strong></span> <span class='ocrx_word' id='word_1_176' title='bbox 572 2839 776 2915; x_wconf 72' lang='lat' dir='ltr'><strong>nigra,</strong></span> <span class='ocrx_word' id='word_1_177' title='bbox 828 2860 962 2910; x_wconf 85' lang='lat' dir='ltr'><strong>ore,</strong></span> <span class='ocrx_word' id='word_1_178' title='bbox 1018 2846 1415 2895; x_wconf 81' lang='lat' dir='ltr'><strong>antennarum</strong></span> <span class='ocrx_word' id='word_1_179' title='bbox 1462 2836 1608 2906; x_wconf 81' lang='lat' dir='ltr'><strong>basi,</strong></span> <span class='ocrx_word' id='word_1_180' title='bbox 1657 2836 1796 2909; x_wconf 88' lang='lat' dir='ltr'><strong>ely—</strong></span> 
     </span>
     <span class='ocr_line' id='line_1_30' title="bbox 353 2932 1797 3012; baseline -0.005 -20"><span class='ocrx_word' id='word_1_181' title='bbox 353 2945 586 2995; x_wconf 76' lang='lat' dir='ltr'><strong>norum</strong></span> <span class='ocrx_word' id='word_1_182' title='bbox 660 2943 821 2993; x_wconf 79' lang='lat' dir='ltr'><strong>costa</strong></span> <span class='ocrx_word' id='word_1_183' title='bbox 874 2936 1173 3008; x_wconf 65' lang='lat' dir='ltr'><strong>amelius,</strong></span> <span class='ocrx_word' id='word_1_184' title='bbox 1249 2934 1472 3012; x_wconf 85' lang='lat' dir='ltr'><strong>pedum</strong></span> <span class='ocrx_word' id='word_1_185' title='bbox 1535 2932 1797 2988; x_wconf 81' lang='lat' dir='ltr'><strong>maxima</strong></span> 
     </span>
     <span class='ocr_line' id='line_1_31' title="bbox 1630 3033 1797 3103; baseline -0.018 -21"><span class='ocrx_word' id='word_1_186' title='bbox 1630 3033 1797 3103; x_wconf 85' lang='lat' dir='ltr'><strong>parte</strong></span> 
     </span>
    </p>
   </div>
  </div>
 </body>
</html>
