1966 3330
240 133 358 194 106
829 139 1245 213 Saperda.

334 275 630 343 Magnitudo
671 288 722 325 et
756 288 942 327 statura
971 280 1069 329 fere
1094 280 1446 347 praecedentis.
1524 282 1686 346 Caput
1721 281 1839 330 tho-

226 366 335 397 race
371 347 551 407 latius,
614 348 812 408 breve,
859 350 1087 416 nigrum.
1152 352 1397 400 concinne
1461 350 1835 418 punctulatum,

226 420 362 483 pube
400 415 728 465 subtilissima
767 417 998 484 depressa
1050 419 1177 468 laete
1217 420 1370 469 viridi
1410 433 1459 469 et
1496 424 1838 469 sub-coeru-

225 487 443 535 lescente
491 489 700 535 omnino
751 499 971 549 tectum,
1028 488 1251 554 pilisque
1299 489 1613 556 longioribus
1662 491 1835 539 erectis

224 557 522 605 sub-fuscis
571 556 892 622 adspersum,
964 557 1097 605 linea
1144 561 1287 607 tenui
1337 561 1575 624 impressa
1625 561 1685 606 ab
1751 577 1832 608 ore

223 626 284 673 ad
322 625 572 674 thoracem
606 645 769 692 usque
808 627 1220 690 canaliculatum3
1274 628 1408 677 oculi
1459 629 1836 693 nigro—brun·-

221 696 325 744 nei.
400 697 664 743 Antennae
698 695 1018 762 longitudine
1056 698 1301 762 corporis,
1351 710 1597 758 setaceae‚
1647 698 1833 762 nigrae,

222 766 725 830 sub-pubescentes.
802 766 1006 814 Thorax
1046 785 1262 831 parvus,
1302 767 1631 831 cylindricus,
1667 768 1831 815 antice

221 844 518 896 truncatus,
556 836 662 883 basi
699 836 1116 896 sub—sinuatus,
1166 853 1315 902 supra
1364 837 1514 886 valde
1550 853 1830 899 convexus,

219 903 473 968 aequalis,
510 905 677 970 niger,
727 906 970 953 concinne
1007 905 1365 970 punctulatus,
1417 906 1716 954 indumento
1754 907 1833 954 si-

219 974 333 1021 mili
369 975 448 1022 uti
483 986 631 1039 caput
669 985 864 1036 tectusr,
902 975 1056 1040 paulo
1085 994 1220 1041 pone
1254 977 1471 1024 medium
1508 976 1634 1024 disci
1668 976 1830 1024 utrin-

149 1104 151 1106 .
219 1061 320 1108 que
356 1042 548 1091 macula
587 1055 735 1093 ovata
774 1055 824 1092 et
860 1044 913 1091 in
951 1046 1207 1110 utriusque
1245 1044 1409 1094 lateris
1462 1045 1627 1093 medio
1683 1063 1831 1110 pun-

223 1124 362 1161 ctum
398 1111 739 1175 rotundatum,
779 1115 946 1162 omnia
984 1114 1475 1166 atro-holosericea.
1549 1114 1828 1162 Scutellum

217 1182 572 1244 serni—ovale‚
607 1183 797 1231 thoraci
835 1183 1085 1235 concolor.
1157 1184 1445 1249 Elytrorum
1485 1185 1636 1233 forma
1671 1196 1729 1232 ut
1765 1184 1828 1231 ad

215 1253 595 1318 praecedentem
637 1253 906 1317 descripta,
952 1271 1100 1319 supra
1148 1273 1324 1320 parum
1362 1272 1620 1313 convexa,
1669 1255 1827 1320 nigra,

216 1323 380 1370 antice
418 1321 568 1388 paulo
605 1322 932 1389 profundius,
982 1326 1172 1390 apicem
1211 1343 1387 1374 versus
1424 1326 1608 1374 sensim
1656 1325 1828 1372 subti-

214 1391 341 1453 lius,
395 1390 642 1441 concinne
690 1393 1014 1459 punctulata,
1064 1396 1200 1459 pube
1247 1396 1404 1462 magis
1454 1392 1826 1443 coerulescente

213 1472 372 1524 tecta3
419 1462 472 1509 in
509 1460 710 1527 singulo
758 1474 944 1527 puncta
985 1475 1196 1527 quatuor
1230 1464 1722 1523 atro-holosericea,
1770 1463 1825 1510 in

213 1533 342 1580 serie
378 1543 505 1580 recta
542 1532 898 1599 longitudinali
937 1533 1191 1596 collocata,
1229 1552 1437 1599 quorum
1465 1535 1662 1583 tertium
1703 1530 1827 1597 ple-

212 1619 424 1665 rumque
452 1604 673 1663 ‘majus,
715 1601 970 1649 interdum
1017 1603 1328 1669 angulatum.
1403 1605 1597 1670 Corpus
1646 1604 1821 1650 subtus

216 1673 413 1737 nigrum
436 1708 449 1730 ‚
489 1673 582 1720 vix
620 1671 1006 1736 punctulatum,
1054 1675 1189 1738 pube
1231 1673 1382 1722 simili
1417 1685 1477 1722 ut
1512 1689 1690 1737 supra,
1738 1668 1827 1718 vel

211 1742 367 1807 magis
405 1741 683 1789 virescente
720 1744 926 1789 omnino
964 1753 1165 1792 tectum.
1239 1744 1400 1792 Pedes
1430 1742 1699 1790 mediocres
1735 1741 1825 1788 ni-

212 1811 314 1875 gri,
354 1811 489 1876 pube
525 1813 806 1859 virescente
844 1812 995 1873 tecti,
1035 1812 1307 1862 semoribus
1344 1812 1678 1880 simplicibus,
1717 1821 1824 1858 tar-

210 1882 280 1929 sis
318 1879 462 1943 latis,
500 1882 678 1930 subtus
716 1880 1275 1948 pallido-spongiosis.

317 1969 435 2017 Var.
474 1969 539 2028 b,
580 1968 748 2018 differt
784 1982 976 2019 tantum
1015 1983 1204 2038 puncto
1243 1983 1416 2038 quarto
1455 1969 1645 2038 singuli
1701 1969 1824 2034 ely-‘-

210 2034 275 2087 tri
310 2049 396 2086 aut
428 2037 655 2088 obsoleto
691 2051 778 2088 aut
812 2041 972 2091 nullo.

324 2127 449 2178 Obs.
499 2129 550 2179 S.
602 2141 921 2195 punctata
977 2143 1261 2192 auctorum,
1324 2129 1545 2179 Scho'nh.
1594 2128 1719 2194 Syn,
1770 2130 1819 2178 3.

216 2200 336 2248 434.
381 2199 463 2263 95.
502 2198 621 2247 huic
659 2201 1029 2264 magnitudine,
1069 2213 1270 2262 statura,
1308 2199 1486 2260 colore,
1525 2199 1821 2247 indumento

214 2267 500 2329 simillima,
538 2267 626 2317 sed
662 2269 834 2318 differt
868 2271 1067 2319 thorace
1099 2270 1376 2335 elytrisque
1413 2271 1614 2335 punctis
1653 2267 1822 2334 pluri-

212 2338 306 2386 bus
347 2339 527 2403 nigris,
567 2337 709 2387 aliter
740 2340 1013 2406 dispositis,
1054 2352 1101 2389 et
1141 2341 1405 2389 abdomine
1440 2340 1614 2387 subtus
1650 2338 1822 2385 utrin-

214 2424 314 2471 que
366 2409 846 2473 nigro—punctat03
902 2411 1025 2461 haec
1069 2411 1203 2478 apud
1266 2428 1358 2460 nos
1422 2428 1527 2458 non
1588 2406 1818 2465 occurrit,

215 2487 460 2542 quantum
497 2477 623 2526 mihi
658 2480 897 2528 innotuit.

213 2649 270 2702 4.
314 2644 376 2701 S.
426 2645 758 2719 Seydlii:
810 2649 999 2724 nigra,
1028 2647 1194 2723 pube
1229 2648 1502 2722 longiore
1535 2645 1818 2720 depressa

333 2740 890 2802 flavo—virescente
921 2752 1097 2815 tecla,
1128 2743 1370 2798 thorace
1398 2739 1647 2796 maculis
1679 2745 1814 2792 octo

332 2834 605 2908 oblongis
623 2831 652 2906 ‚'
683 2837 878 2911 elytro
907 2839 1161 2914 singnlq,
1204 2839 1468 2915 quinque
1496 2831 1815 2891 atro-ho-

336 2930 677 3004 losericeiS,
724 2934 1015 2991 rotundis

1647 2973 1691 3072 f
1699 3013 1819 3069 abr.
