1905 3330
163 103 291 164 614
544 103 940 182 Appendia·
985 104 1075 161 ad
1122 104 1187 161 P.
1231 105 1381 162 III.

267 242 602 313 Magnitudo,
657 257 843 295 statura
898 257 950 295 et
997 246 1212 296 affinitas
1262 246 1630 314 praecedentis,
1694 244 1783 296 sed

165 317 363 366 differt:
420 317 648 365 Thorace
699 316 975 382 elytrisque
1029 320 1179 378 totis,
1243 330 1299 366 ut
1351 329 1402 366 et
1453 329 1782 365 antennarum

165 404 342 452 scapo,
393 385 664 435 femoribus
715 387 958 450 tibiisque
1000 386 1282 466 squarnulis
1330 388 1527 445 densis,
1591 389 1784 448 erectis,

166 456 348 505 albidis
387 457 666 519 muricatis3
718 459 952 503 antennis
999 456 1049 503 in
1092 459 1233 521 apice
1271 458 1414 504 rostri
1452 457 1648 505 insertis
1687 468 1784 506 etc.

166 527 332 593 Caput
383 526 706 606 depressum,
761 524 985 574 obsolete
1040 525 1421 590 punctulatum,
1485 528 1785 592 indumento

167 596 323 644 denso
363 597 558 644 cinereo
595 607 814 654 tectum,
855 594 1012 644 oculis
1052 595 1364 656 lateralibus,
1404 599 1601 661 parvis,
1654 597 1785 644 sub--

167 665 420 732 globosis,
474 668 745 728 brunneis3
799 678 1009 713 rostrum
1061 663 1329 713 latitudine
1378 667 1477 714 fere
1517 667 1694 732 capitis
1736 676 1787 713 et

169 735 260 785 illo
301 737 395 785 vix
433 735 668 800 longius,
709 734 1140 801 quadrangulum,
1181 753 1327 801 supra
1365 736 1784 797 concavum,'in

169 806 335 855 medio
387 804 802 866 canaliculatum‚
858 806 1159 854 indumento
1197 803 1351 853 simili
1403 807 1478 853 uti
1513 818 1662 871 caput
1701 817 1788 854 te-
1867 864 1869 866 q

166 888 316 928 ctum.
391 878 656 925 Antennae
693 878 746 924 in
782 878 896 944 ipso
947 877 1087 942 apice
1126 876 1311 923 scrobis
1348 874 1595 936 lateralis,
1644 877 1788 940 juxta

167 965 253 1008 os,
291 949 537 1007 insertae,
582 949 791 1006 breves,
832 964 1047 1007 crassae,
1086 944 1596 1011 rufo-ferrugineae‚
1646 957 1787 994 stru-

167 1029 305 1066 ctura
344 1030 400 1066 ut
438 1018 491 1065 in
532 1017 715 1083 priori,
764 1017 854 1066 sed
895 1033 1072 1080 scapus
1108 1014 1387 1080 squamulis
1424 1016 1623 1075 densis,
1672 1034 1789 1064 ere-

168 1089 290 1149 ctis,
346 1084 527 1136 albidis
583 1088 868 1137 muricatus.
945 1087 1151 1134 Thorax
1208 1087 1402 1148 brevis,
1455 1098 1786 1148 transversus,

168 1159 274 1206 basi
325 1159 567 1224 apiceque
620 1168 909 1217 truncatus,
969 1155 1203 1210 lateribus
1266 1155 1418 1205 valde
1483 1155 1789 1205 rotundato-

168 1226 464 1294 ampliatus,
504 1239 617 1275 ante
654 1228 846 1294 apicem
885 1227 1209 1285 constrictus,
1249 1228 1470 1291 margine
1508 1243 1657 1291 supra
1695 1243 1789 1273 ca·-

168 1311 263 1364 put
308 1297 539 1357 elevato,
609 1300 752 1364 apice
807 1296 1033 1363 pallido,
1084 1314 1230 1361 supra
1279 1315 1452 1361 parum
1507 1313 1787 1356 convexus,

171 1367 397 1418 obsolete
436 1379 987 1434 rugoso-punctum,
1041 1367 1093 1415 in
1134 1367 1302 1415 medio
1340 1365 1439 1413 late
1478 1364 1789 1413 canalicula-

169 1452 277 1495 tus,
320 1437 696 1505 rufo—piceus,
751 1436 1028 1502 squamulis
1069 1438 1243 1485 erectis
1283 1436 1462 1485 albidis
1501 1437 1786 1485 muricatus.

173 1507 455 1556 scutellum
510 1506 724 1556 nuilurn.
798 1507 972 1572 Elytra
1024 1524 1229 1572 magna,
1285 1517 1463 1567 ovata,
1517 1517 1632 1553 ante
1673 1523 1789 1552 me—

169 1578 311 1627 dium
351 1577 500 1626 valde
539 1577 802 1645 ampliata,
854 1579 1044 1643 apicem
1084 1594 1257 1625 versus
1297 1577 1611 1641 angustiora,
1663 1575 1790 1623 tho-

169 1666 277 1697 race
331 1648 604 1714 quintuplo
659 1648 924 1714 longiora,
978 1665 1122 1712 supra
1157 1645 1308 1694 valde
1352 1663 1610 1706 convexa,
1666 1663 1792 1710 pro-

170 1718 328 1767 funde
366 1730 662 1786 punctato-
681 1730 880 1779 striata,
930 1719 1211 1765 interstitiis
1263 1715 1588 1765 subtilissime
1624 1715 1791 1763 coria—

173 1789 303 1852 ceis;
358 1801 442 1837 aut
493 1788 653 1838 ruso-
670 1789 839 1856 picea,
903 1799 988 1835 aut
1049 1786 1258 1834 dilutius
1319 1785 1477 1834 rufo
1490 1786 1789 1850 ferruginea,

171 1861 314 1908 sub-
329 1860 490 1921 nuda3
528 1859 579 1907 in
619 1857 820 1927 singulo
861 1858 1128 1906 interstitio
1157 1858 1305 1905 series
1345 1857 1531 1922 integra
1569 1874 1595 1902 e
1634 1873 1791 1920 squa-

172 1928 325 1979 mulis
378 1929 518 1990 latis,
573 1932 773 1990 erectis,
834 1926 1047 1989 albidis,
1100 1928 1348 1992 posterius
1387 1925 1506 1992 long³
1489 1926 1698 1974 ioribus
1743 1935 1793 1972 et

173 1998 507 2049 densioribus.
578 2000 772 2066 Corpus
828 2001 1008 2047 subtus
1063 1997 1275 2045 dilutius
1325 1997 1479 2044 rufo-
1479 1969 1790 2054 ‘’testaceum,

173 2082 505 2136 punctatum,
559 2081 709 2118 tenue
759 2071 1054 2135 pubescens.
1123 2067 1278 2114 Pedes
1327 2066 1486 2114 validi
1531 2065 1685 2113 rufo-
1708 2078 1794 2112 te·-

174 2142 356 2202 stacei,
408 2141 680 2188 femoribus
713 2139 952 2202 tibiisqne
992 2135 1291 2202 squamulis
1305 2136 1503 2204 longis,
1553 2136 1792 2202 angustis,

171 2211 373 2278 rigidis,
413 2213 613 2272 erectis,
653 2209 860 2271 albidis,
899 2209 1054 2256 dense
1095 2208 1284 2255 obsitis.

178 2292 259 2350 55
283 2278 444 2345 -56.
485 2289 550 2345 C.
593 2290 1125 2365 spinimanus:
1179 2294 1413 2354 ovatUS,
1453 2285 1642 2357 niger,
1690 2282 1793 2336 in-'

295 2385 586 2441 dumento
611 2383 779 2440 fusco
796 2412 828 2423 -—
852 2385 1094 2438 cinereo
1113 2389 1381 2450 -tectus,
1425 2376 1796 2453 squamulis—

294 2499 410 2556 que
441 2482 660 2536 erectis
708 2481 1003 2535 cinereo—
1021 2477 1232 2532 albidis
1271 2475 1512 2550 parcius
1539 2474 1795 2546 adsper-

289 2595 422 2647 SUS,
465 2577 746 2633 antennis
788 2574 1168 2650 pedibusque
1208 2569 1598 2643 ferrugineis,
1648 2567 1793 2622 tho·-

291 2691 432 2727 race
475 2672 586 2727 vix
624 2669 1020 2727 canaliculato
1039 2709 1054 2738 ,
1105 2666 1265 2722 tibiis
1323 2665 1535 2720 anticis
1587 2682 1797 2721 versus

298 2769 534 2841 apicem
562 2775 812 2822 externe
838 2763 1171 2820 bidentatis.

270 2856 325 2912 T
322 2845 738 2931 rachyplzloeus
773 2856 1181 2930 spinimanu5‚
1228 2849 1418 2906 Germ.
1454 2849 1582 2906 Ins·
1621 2849 1717 2924 Sp.
1744 2846 1797 2902 1.

351 2936 494 3005 405,
539 2938 680 2999 550.
764 2939 1012 2999 Sclzbnlz.
1059 2936 1226 2994 Cure.
1263 2954 1326 3012 p,
1379 2951 1516 3011 190.
1659 3017 1725 3075 H

1727 3039 1799 3074 ab
