1966 3330
196 136 318 198 186
766 84 1228 195 coccinata.

199 304 234 343 2
251 305 305 362 7.
351 284 417 341 C.
465 283 530 342 R
548 306 581 343 e
594 304 692 363 pp
709 304 742 342 e
756 305 798 344 n
817 288 920 345 sis
952 331 966 347 .
1042 283 1556 363 hemisphaerica,
1618 287 1812 362 nigra,

316 381 741 458 immarginata
755 423 774 456 ,
821 381 1088 439 thoracis
1131 382 1422 440 lateribus
1459 391 1810 461 punctoque

318 494 533 534 versus
563 478 799 553 apicem
814 477 1164 553 >elytrorum
1191 476 1359 536 rufis,

278 576 518 639 Herbst.
559 578 732 658 Payk.
776 578 1032 638 Schsnlu
1066 580 1195 657 Syn.
1242 596 1297 635 2.
1345 576 1482 656 194.
1535 575 1672 638 125.

287 681 435 743 Var.
463 682 529 758 b,
576 686 769 762 capite
803 691 964 755 toto,
1011 681 1278 738 thoracis
1326 683 1612 740 lateribus
1639 702 1811 739 mar-

365 782 627 858 gineque
671 779 871 836 antico
901 777 1356 852 elytrorumque
1394 786 1623 854 puncto
1661 776 1814 837 sub—

366 875 588 952 apicali
646 874 785 931 ruso
813 905 852 916 -
876 872 1383 946 flavescentibus3
1450 873 1608 930 sorte
1665 891 1813 929 mas·

368 972 567 1050 Payk.
595 968 860 1028 Schiinlz.
902 967 943 1026 l.
987 988 1037 1025 c·
1081 988 1214 1027 var.
1262 962 1330 1042 β.

283 1074 651 1220 Clzgysotjzela
703 1072 765 1130 bi
778 1071 1158 1150 -pustulata,
1218 1071 1445 1131 lezcnb.
1500 1072 1622 1130 Act.
1676 1068 1812 1148 Ups.

407 1202 423 1217 .
469 1168 562 1218 ιζ).
601 1175 700 1216 21.

280 1271 432 1332 Var.
469 1289 534 1342 e,
582 1274 808 1345 puncto
837 1265 1235 1343 sub—apicali
1261 1267 1596 1344 elytrorum
1623 1263 1811 1324 obso-

366 1366 510 1424 leto,
583 1362 850 1422 Sclzbnlz.
880 1361 921 1423 l.
952 1382 1001 1420 ο.
1042 1382 1179 1422 var.
1214 1379 1270 1440 γ.
1322 1390 1325 1391 ’

277 1479 533 1539 Habitat
567 1481 632 1536 in
682 1479 1039 1555 graminosis
1075 1484 1349 1555 tempore
1386 1475 1650 1552 vernali,
1687 1475 1813 1532 mi·-

365 1595 482 1634 nus
527 1573 833 1650 fre-quens,
916 1579 919 1584 “

309 1692 446 1740 Inter
481 1689 727 1748 minores,
780 1687 836 1738 C.
881 1684 1364 1752 14—pustulata
1398 1686 1575 1736 minor.
1649 1685 1815 1753 Caput

201 1776 447 1828 parvum,
485 1757 767 1820 deflexum,
806 1756 1191 1824 punctulatum,
1241 1757 1297 1804 in
1334 1775 1361 1805 a
1391 1767 1557 1807 totum
1593 1758 1813 1823 nigrum,

202 1833 259 1880 in
295 1849 401 1880 var.
429 1831 479 1891 b,
517 1840 682 1877 toturn
707 1827 1190 1890 rufo-flavescen53
1227 1826 1360 1876 oculi
1395 1828 1625 1880 brunnei.
1665 1827 1813 1876 Tho-

201 1918 292 1951 rax
327 1896 490 1949 antice
526 1897 625 1947 late
666 1909 717 1946 et
751 1896 1000 1964 profunde
1039 1896 1396 1963 emarginatus,
1446 1899 1639 1963 postice
1677 1898 1812 1946 sub-

196 1970 523 2030 rotundatus,
560 1967 800 2017 lateribus
838 1969 932 2016 vix
968 1968 1301 2035 marginatus,
1340 1984 1489 2033 supra
1524 1985 1808 2029 convexus,

199 2041 464 2090 confertim
500 2036 854 2105 punctulatus,
909 2037 1074 2102 niger,
1125 2035 1364 2084 lateribus
1414 2038 1468 2084 in
1520 2055 1578 2099 a,
1640 2038 1810 2086 minus

198 2109 299 2158 late
335 2112 482 2169 rufis,
519 2110 574 2156 in
611 2108 662 2169 b,
699 2106 882 2167 latius,
923 2107 1243 2172 margineque
1281 2106 1443 2154 antico
1479 2117 1690 2173 anguste
1727 2107 1812 2155 di-

199 2178 358 2230 lutius
404 2178 745 2226 ruso-flavis.
819 2175 1099 2225 Scutellum
1148 2175 1509 2238 majusculum,
1573 2178 1812 2243 triangu—

200 2248 330 2311 lare,
382 2251 598 2314 nigrum.
670 2245 844 2311 Elytra
889 2263 1092 2312 magna,
1140 2246 1361 2293 breviter
1411 2257 1589 2309 ovata,
1642 2246 1813 2295 lateri-

201 2321 296 2368 bus
345 2320 442 2369 Vix
489 2317 788 2384 marginata,
847 2332 1000 2382 supra
1047 2313 1196 2364 valde
1239 2332 1497 2377 convexa,
1546 2317 1809 2364 confertim

202 2387 490 2437 evidentius
528 2397 797 2454 punctata,
835 2389 1008 2452 nigra,
1048 2384 1238 2448 nitida,
1274 2398 1463 2451 puncto
1502 2386 1656 2452 paulo
1693 2395 1809 2432 ante

201 2460 395 2524 apicem
431 2459 484 2506 in
524 2476 551 2504 a
586 2457 766 2517 rubro,
810 2456 866 2502 in
906 2458 966 2518 b,
1004 2453 1266 2514 dilutiore,
1317 2473 1465 2520 saepe
1504 2456 1653 2502 etiam
1693 2472 1812 2502 ma-

198 2530 335 2592 jore,
389 2538 438 2575 et
477 2529 532 2575 in
568 2527 681 2593 ipso
721 2524 905 2590 angulo
941 2525 1183 2573 humerali
1222 2525 1472 2573 interdum
1508 2523 1654 2572 litura
1690 2523 1813 2590 pal-

198 2597 336 2659 lida3
371 2597 424 2643 in
461 2615 564 2646 var.
603 2615 659 2657 c,
708 2606 955 2662 punctum
991 2593 1345 2659 sub-apicale
1381 2605 1468 2642 aut
1504 2593 1675 2654 deest,
1725 2604 1812 2642 aut

195 2666 346 2717 valde
385 2665 684 2715 obsoletum.
758 2665 952 2730 Corpus
999 2665 1176 2713 subtus
1213 2665 1440 2729 nigrum,
1491 2674 1806 2730 punctatum,
1865 2677 1870 2683 ·

199 2747 379 2786 ventre
417 2753 563 2801 saepe
598 2734 807 2783 dilutius
843 2735 1008 2800 piceo.
1082 2731 1245 2782 Pedes
1281 2731 1477 2794 validi,
1513 2735 1567 2782 in
1606 2752 1651 2794 a,
1693 2750 1810 2780 ma—

200 2807 346 2857 xima*
371 2815 508 2871 parte
541 2804 696 2871 nigri,
744 2805 883 2853 tibiis
935 2803 1111 2852 anticis
1146 2803 1384 2867 tarsisque
1436 2804 1670 2852 omnibus
1722 2813 1810 2850 te·-

203 2876 411 2935 staceis,
445 2874 500 2921 in
536 2875 600 2934 b,
653 2875 892 2938 testacei,
942 2873 1246 2934 femoribus,
1293 2875 1580 2939 praesertim
1628 2882 1811 2940 poste-

202 2945 412 2996 rioribus
451 2942 727 2993 infuscatis.

1589 3022 1694 3076 28.
1742 3017 1808 3074 C.
