1905 3330
725 103 1070 164 Cassida.
1573 102 1699 168 645

247 261 544 325 testamen,
593 254 933 329 elytrorum
958 258 1280 334 signaturis
1306 257 1491 335 nigris
1531 259 1695 318 dila-

243 351 410 420 tam,
461 349 918 409 confluentibus,

160 440 411 500 Habitat
472 445 537 500 in
596 446 937 504 Finlandia.
1023 449 1210 506 Dom.
1273 448 1437 507 Com.
1481 448 1687 510 illan-⁴

237 539 536 598 narheim.

74 647 132 703 8.
175 647 242 707 C.
287 648 638 705 obsoleta
685 670 746 726 p.
783 648 938 712 444.

163 742 310 802 Var.
344 766 407 817 c,
457 745 699 820 punctis
732 744 1071 820 elytrorum
1109 746 1517 824 simplicibus,
1573 750 1679 808 vix

237 840 506 896 ocellatis
531 840 628 896 vel
655 840 1084 899 mammillatis.

160 931 413 991 Habitat
443 955 579 990 cum
606 936 910 1011 prioribus
937 936 1181 1013 passim.

69 1064 128 1119 9.
179 1044 245 1101 C.
290 1043 584 1102 nobilis
633 1064 690 1118 p.
721 1037 880 1106 445.

73 1159 173 1196 10.
227 1139 294 1196 C.
343 1137 683 1197 viridula
726 1160 787 1214 p.
823 1139 981 1211 447.

71 1255 95 1292 1
121 1257 174 1293 1.
220 1234 285 1291 C.
330 1233 992 1309 hemisphaerica:
1055 1231 1520 1306 sub-rotunda,
1576 1236 1676 1292 vi-

178 1331 359 1400 ridis,
409 1333 704 1401 antenniS,
755 1330 1096 1397 abdomine,
1145 1330 1521 1405 pedibusque
1558 1331 1677 1386 fla-

177 1416 577 1496 vescentibus²
610 1425 870 1481 thoracis
906 1424 1141 1498 angulis
1170 1425 1331 1480 sub—
1352 1427 1676 1482 acumina-—

179 1522 276 1591 tis,
306 1520 511 1594 elytris
546 1520 1010 1588 confertissime,
1038 1538 1185 1593 vage
1212 1523 1528 1594 punctalis,

143 1608 381 1666 Herbst.
407 1609 526 1666 Col.
558 1610 615 1667 8.
650 1606 787 1665 226.
817 1611 874 1667 8.
906 1608 1050 1666 Tab.
1085 1610 1295 1687 129.s.
1328 1628 1384 1687 9.
1417 1629 1480 1685 g.
1533 1606 1675 1681 Dej.

231 1693 355 1749 Cat.
378 1714 434 1769 p.
466 1713 491 1750 1
509 1713 600 1770 17.
655 1694 902 1750 Sclzonlz.
925 1695 1051 1768 Syn.
1079 1711 1134 1751 2.
1159 1711 1296 1750 220.
1322 1695 1421 1770 73.

142 1778 394 1834 Cassida
420 1780 870 1853 margaritczcecz,
903 1778 1129 1836 lezmb.
1157 1779 1274 1834 Ins.
1295 1781 1394 1836 Sv.
1415 1781 1470 1837 8.
1490 1798 1553 1854 p.
1579 1796 1672 1834 10.

231 1864 372 1939 Gyll.
397 1865 521 1920 InS.
564 1865 648 1922 51).
678 1863 736 1923 5.
764 1860 905 1920 448.
934 1877 1053 1919 not.
1083 1863 1186 1919 sub
1215 1883 1262 1919 e.
1298 1865 1581 1922 viridula.

139 1951 390 2008 Habitat
430 1956 493 2009 in
536 1956 777 2025 Svecia,
823 1955 1009 2011 Dom.
1061 1954 1244 2011 Dect.
1295 1955 1668 2035 Tlmnberg3

222 2049 288 2103 in
318 2047 704 2123 Ostrogothia
744 2050 817 2105 ad
846 2048 1244 2126 Annaeberg‚
1293 2050 1477 2108 Dom.
1524 2054 1664 2110 Bo-

223 2142 487 2215 lzemcm3
534 2165 673 2201 raro
709 2145 867 2220 apud
899 2163 1009 2199 nos
1043 2144 1324 2202 occurrit.

158 2240 399 2290 Latitudo
442 2244 495 2294 C.
534 2244 909 2305 viridulzoe,
947 2243 1034 2292 secl
1071 2244 1296 2304 brevior,
1334 2243 1663 2295 sub-hemi·-

55 2308 323 2374 sphaerica.
396 2312 585 2374 Elytris
623 2332 750 2379 vage
789 2313 1041 2379 punctatis
1084 2316 1144 2360 ab
1184 2313 1273 2361 illa
1312 2324 1360 2360 et
1397 2313 1453 2364 C.
1494 2334 1662 2364 mar—-

55 2382 392 2443 garitacea
443 2383 587 2431 Fabr.
639 2384 898 2431 manifeste
946 2383 1196 2433 distincta.
1288 2382 1452 2448 Caput
1502 2386 1661 2433 infla-

53 2465 194 2507 xum,
233 2452 445 2516 nigrum,
485 2470 628 2519 parce
664 2463 980 2518 punctatum,
1018 2452 1175 2501 oculis
1215 2454 1428 2518 magnis,
1464 2453 1660 2504 oblon-

55 2518 158 2581 gis,
193 2519 449 2571 brunneis.
521 2524 792 2570 Antennae
830 2521 1071 2587 pallidae,
1120 2524 1260 2588 apice
1296 2541 1471 2588 parum
1509 2525 1658 2573 insu-

51 2598 227 2636 scatae.
298 2590 503 2639 Thorax
538 2593 737 2652 brevis,
775 2593 936 2639 antice
972 2592 1286 2654 rotundatus,
1324 2593 1427 2641 basi
1459 2595 1511 2641 in
1543 2613 1660 2643 me-

53 2655 136 2702 dio
175 2657 427 2722 sinuatus,
475 2680 650 2710 versus
687 2660 838 2709 latera
873 2660 1074 2726 oblique
1111 2660 1418 2711 adscendens
1464 2665 1517 2711 in
1557 2682 1659 2711 an·-

52 2723 227 2790 gulum
276 2729 804 2794 sub—acuminatum3
880 2743 1046 2796 supra·
1085 2733 1136 2779 in
1200 2732 1335 2781 disco
1398 2734 1658 2798 posteriori

54 2812 341 2857 convexus»,
392 2817 568 2850 versus
615 2802 861 2867 margines
908 2799 1234 2865 explanatus,
1289 2812 1426 2850 totus
1459 2803 1656 2864 viridis,

51 2863 276 2912 obsolete
336 2869 678 2932 punctulatus.
780 2869 1058 2918 Scutellum
1118 2871 1415 2937 triangulare
1476 2872 1657 2933 viride,

55 2933 365 2988 sub-laeve.
451 2937 623 3004 Elytra
670 2958 877 3007 magna,
941 2940 1104 2990 antice
1158 2941 1388 3006 sinuata,
1446 2942 1658 2991 thoracis

1551 3009 1658 3059 basi
