1905 3330
780 126 1032 200 Apion.
1586 118 1708 183 545

88 269 289 331 simile,
344 280 394 317 et
441 278 595 317 rostro
630 277 826 315 arcuato
862 266 1038 314 itidem
1075 267 1401 328 instructum,
1455 268 1538 317 sed
1587 269 1706 335 plus

86 341 246 407 duplo
283 341 468 401 majus,
535 337 712 384 thorax
748 336 985 386 lateribus
1023 338 1319 386 rotundatus
1374 348 1498 400 etc.,
1549 340 1707 389 ideo-

89 431 188 476 que
238 410 402 475 specie
455 407 782 467 distinctum,
840 407 926 454 sed
987 408 1044 454 in
1095 408 1272 456 Suecia
1320 427 1422 457 non
1478 413 1703 473 occurrit,

90 493 331 546 quantum
371 477 496 524 mihi
528 477 781 538 innotuit,
835 478 1052 542 ideoque
1089 496 1179 525 nec
1214 479 1464 527 Insectum
1504 497 1530 527 a
1567 481 1706 529 Lina

89 568 214 599 naeo
269 560 318 597 et
364 546 642 611 Paykullio
681 547 984 612 descriptum
1037 565 1145 595 esse
1180 549 1370 613 possit3
1427 569 1574 615 quare
1612 569 1706 600 no-

88 638 205 669 men
257 617 466 666 illorum
516 628 684 666 nostro
734 619 990 684 competit.
1060 619 1192 665 Inter
1230 620 1503 684 specimina
1543 620 1706 670 colle-

88 690 270 739 ctionis
316 688 501 748 nostri,
569 687 681 735 heic
728 686 889 750 lecta,
953 687 1219 736 individua
1283 688 1425 755 plura
1472 692 1703 754 invenio,

89 778 304 827 quorum
357 770 568 807 rostrum
619 756 849 824 longius,
924 759 1186 824 angustius
1240 770 1289 806 et
1338 759 1440 807 fere
1493 764 1701 812 omnino

87 841 310 891 rectum,
376 846 501 892 quae
552 828 833 876 differentia
880 832 1098 894 speciem
1151 841 1420 893 separatam
1469 830 1704 881 denotare

88 901 306 950 videtur.
382 897 458 947 Cl.
514 898 595 945 De
650 898 809 960 Gee1·‚
860 900 914 946 in
965 898 1300 964 descriptione
1350 898 1703 951 Curculio-

90 973 194 1019 nis
245 968 641 1034 sanguinei,
677 970 780 1018 Ins,
824 970 975 1018 Tom.
1016 970 1062 1017 5.
1112 971 1229 1018 251.
1268 972 1351 1017 4ο.
1392 969 1540 1019 dicit:
1588 971 1705 1032 „La

89 1053 289 1105 trompe
340 1051 412 1086 est
461 1037 621 1085 deliee
671 1050 720 1086 et
767 1039 826 1086 de
891 1037 939 1086 la
987 1037 1238 1103 longueur
1302 1038 1371 1085 du
1436 1041 1703 1104 con-celet,“

95 1111 232 1176 quod
271 1109 424 1175 priori
462 1126 564 1156 non
604 1110 873 1174 competit,
935 1110 1015 1156 cui
1064 1119 1278 1155 rostrum
1331 1109 1513 1171 breve,
1573 1131 1704 1161 cras-

94 1199 222 1244 sum,
262 1197 410 1245 quare
447 1195 632 1226 nomen
670 1178 730 1225 de
758 1178 903 1227 Gemi
929 1179 1028 1242 jam
1063 1189 1332 1226 memorato
1360 1180 1702 1235 tribuendum.

98 1290 207 1346 25.
253 1286 323 1342 A.
370 1280 911 1360 sanguineum:
995 1285 1220 1361 pallide
1285 1289 1702 1363 sanguineum,

216 1401 492 1457 opacum,
542 1381 1071 1458 sub-pubescens,
1103 1380 1291 1436 oculis
1323 1382 1464 1438 solis
1498 1386 1704 1462 nigris,

213 1486 412 1534 rostro
466 1477 773 1551 longiore,
839 1475 1021 1552 paulo
1075 1479 1449 1551 angustiore,
1512 1490 1702 1554 τεοῖο,

213 1573 466 1648 pedibus
501 1572 930 1647 pallidioribus,
958 1572 1164 1645 elytris
1183 1578 1704 1635 crenato-striatis.

184 1663 457 1723 Curculio
484 1665 867 1736 sanguinem,
912 1661 1005 1718 De
1030 1661 1175 1717 Ge'er
1197 1663 1321 1717 InS.
1351 1659 1408 1719 5.
1436 1661 1574 1724 251.
1600 1677 1700 1733 4ο.

182 1753 433 1808 Habitat
465 1774 602 1808 cum
631 1746 1029 1828 praecedente
1069 1754 1301 1828 passim.

206 1839 537 1906 Magnitudo,
585 1852 795 1901 statura,
848 1839 982 1888 color
1029 1850 1079 1887 et
1115 1842 1282 1889 omnia
1319 1851 1377 1888 ut
1408 1842 1462 1889 in
1500 1861 1705 1908 praece-

101 1908 242 1958 denti
291 1911 529 1971 omnino,
600 1923 757 1960 rostro
811 1910 919 1959 solo
967 1922 1203 1976 except03
1275 1910 1373 1958 hoc
1422 1913 1475 1959 in
1516 1913 1704 1961 femina

99 1979 421 2046 longitudine
455 1981 552 2027 fere
590 1983 767 2046 capitis
807 2000 920 2029 cum
955 1980 1171 2040 thorace,
1212 1980 1559 2045 cylindricum,
1597 1986 1707 2049 gla-

99 2052 274 2111 brum,
328 2051 572 2112 nitidum,
625 2052 726 2099 fere
778 2053 983 2099 omnino
1029 2062 1250 2116 rectum;
1300 2052 1351 2099 in
1393 2070 1523 2100 mare
1562 2054 1708 2102 tertia

103 2131 240 2186 parte
289 2121 517 2182 brevius,
569 2121 721 2187 paulo
773 2120 952 2184 latius,
1000 2139 1149 2188 supra
1183 2121 1566 2188 punctulatum,
1612 2142 1706 2190 pa-

102 2209 212 2239 rum
247 2189 462 2238 nitidum
484 2230 499 2256 9
534 2192 710 2240 itidem
748 2203 954 2243 rectum.

201 2321 453 2396 Stirps
503 2337 561 2374 2.
633 2318 914 2394 Manip.
969 2335 1025 2373 2.
1120 2291 1213 2351 4*
1264 2317 1605 2376 Pedibus

720 2415 1092 2470 obscuris

113 2523 217 2580 26.
243 2522 316 2581 A.
347 2523 766 2579 seniculus,
818 2522 1024 2578 Germ.
1056 2518 1231 2596 Mag.
1258 2537 1314 2573 2.
1346 2519 1518 2579 fison.
1554 2521 1706 2578 216.

239 2635 341 2691 72.
389 2617 609 2695 Kirby.
645 2618 863 2676 Trans,
895 2616 1235 2673 Linn.Sc10.
1266 2633 1327 2688 9.
1367 2615 1472 2673 61.
1507 2617 1611 2671 45.

195 2709 382 2781 Apion
406 2711 667 2777 terzuiuS,
709 2710 833 2765 Ins.
858 2708 954 2762 Sy.
979 2705 1034 2762 ὅ.
1060 2700 1158 2779 57.
1191 2701 1288 2760 25.
1327 2705 1514 2761 Germ.
1540 2705 1706 2778 Mag.

286 2792 484 2849 2.add.
507 2811 562 2866 p.
589 2790 726 2850 258.
759 2789 853 2848 25.
885 2804 940 2846 et
968 2790 1118 2845 Pars
1142 2789 1197 2847 ὅ.
1224 2808 1354 2864 app.
1377 2807 1430 2863 p.
1454 2785 1556 2846 45.

197 2877 386 2950 Apion
414 2877 728 2952 plebejztm,
780 2878 967 2934 Germ.
990 2875 1155 2953 Mag.
1184 2892 1238 2934 2.
1276 2875 1438 2934 Mon.
1483 2894 1539 2951 p.
1567 2871 1707 2930 215.

283 2980 381 3036 71.
422 2975 478 3021 et
513 2962 580 3018 P.
609 2963 664 3020 5.
706 2981 837 3038 app.
877 2980 935 3035 p.
978 2955 1078 3018 43.
1587 3036 1710 3085 Obs.
