1966 3330
670 137 1115 216 Pselaplczts.
1587 136 1711 216 259

97 283 317 350 gustior,
369 280 728 346 impressiones
778 281 958 346 capitis
1004 280 1317 346 thoracisque
1355 276 1710 338 obsoletiore83

93 368 274 418 corpus
328 362 488 399 totum
541 350 700 399 rufo-
665 360 1022 411 -testaceum,
1073 351 1284 415 pedibus
1337 349 1707 416 pallidioribus,

94 421 252 471 oculis
291 419 412 469 solis
449 421 620 485 nigris.
697 418 865 484 Caput
913 419 1270 482 majusculum,
1325 422 1470 468 sub—
1482 421 1708 487 triangu-

91 490 222 551 lare,
272 489 600 554 depressum,
659 489 1140 548 rulo-testaceum,
1202 461 1642 554 impressionibus
1655 501 1708 538 et

91 560 376 609 elevatione
411 558 616 607 verticis
653 559 860 607 omnino
899 570 954 607 ut
991 560 1043 607 in
1082 558 1140 606 P.
1178 576 1379 619 nano,
1432 559 1520 607 sed
1553 558 1707 609 valde

91 628 362 692 obsoletis3
401 628 535 677 oculi
573 629 744 694 parvi,
784 629 943 693 nigri,
984 627 1290 694 prominuli3
1332 627 1471 693 palpi
1507 630 1703 692 breves,

89 699 321 761 testacei,
362 700 646 747 acuminati.
720 698 987 746 Antennae
1036 699 1130 747 vix
1166 696 1378 745 thoracis
1430 700 1567 747 basin
1613 711 1703 747 at-

89 770 322 834 tingunt,
373 768 887 834 rufo—ferrugineae,
940 769 1295 834 pubescentes,
1355 776 1598 816 structura
1643 779 1704 817 ut

87 839 142 886 in
179 838 442 904 prioribus.
516 838 727 887 Thorax
765 839 926 904 capite
964 838 1182 903 longior,
1234 835 1489 898 cordatus,
1540 839 1704 887 antice

88 919 139 956 et
175 909 367 974 postice
403 919 726 974 angustatus,
770 906 1006 957 lateribus
1044 919 1159 955 ante
1197 906 1420 954 medium
1458 907 1562 955 fere
1611 926 1703 956 re—

90 989 233 1025 ctano
208 976 445 1044 gulaiiter
481 977 778 1044 ampliatus,
828 995 975 1044 supra
1011 995 1186 1044 parum
1224 994 1357 1024 conv
1361 993 1512 1038 exus,
1564 988 1702 1027 totus

88 1046 245 1095 rufo—
261 1047 421 1095 fen-ou
393 1049 601 1115 gineus,
640 1048 866 1110 nitidus3
905 1047 1136 1097 foveolae
1175 1057 1224 1095 et
1261 1047 1612 1112 impressiones
1646 1049 1702 1096 in

88 1117 235 1165 dorso
284 1117 499 1166 thoracis
551 1117 751 1165 eaedem
799 1135 854 1165 ac
901 1119 954 1166 in
993 1117 1177 1184 priori,
1229 1116 1317 1164 sed
1364 1117 1531 1165 minus
1579 1134 1702 1183 pro-

86 1187 243 1235 funde
297 1187 611 1254 insculptae,
681 1186 1022 1238 obsoletiorffes
1104 1186 1281 1251 Elytra
1329 1187 1478 1235 etiam
1532 1187 1699 1252 quoad

85 1257 293 1304 formam
332 1268 389 1304 ut
425 1258 479 1305 in
517 1257 703 1323 priori,
740 1275 888 1324 supra
926 1255 1342 1322 sub-depressa,
1377 1257 1487 1305 rufo
1503 1268 1700 1306 -testa-

85 1344 198 1387 cea,
247 1337 402 1374 tenue
445 1328 799 1392 pubescentia,
848 1329 963 1376 stria
1013 1325 1392 1391 sesqui-altera
1428 1337 1484 1375 ut
1520 1327 1574 1375 in
1609 1345 1700 1376 re·-

83 1394 532 1461 liquis-impressa.
604 1397 868 1446 Abdomen
906 1417 1041 1464 pone
1079 1397 1237 1461 elytra
1274 1396 1481 1445 illorum
1520 1395 1699 1464 longi-

84 1466 293 1527 tudine,
329 1465 548 1529 lineare,
586 1467 1058 1525 rufo-testaceum,
1098 1468 1407 1534 pubescens,
1444 1468 1696 1533 margini—-

82 1536 177 1584 bus
244 1536 468 1588 elevatis..
541 1537 702 1588 Pedes
748 1538 1094 1601 breviusculi,
1154 1535 1364 1605 pallidi,
1421 1537 1696 1587 femoribus

82 1623 258 1671 parum
294 1617 588 1658 incrassatis.

91 1763 115 1799 1
135 1745 192 1806 6.
244 1745 312 1802 Ρ.
369 1746 482 1820 sig
502 1753 767 1803 natus:
828 1745 1041 1801 lineari
1066 1775 1101 1785 -
1131 1744 1477 1819 elongatus,
1531 1745 1695 1803 sub-

202 1841 539 1915 depressu8,
586 1840 1088 1897 rufo—testaceus
1115 1840 1470 1915 pubescenS,
1510 1842 1695 1917 pedi-

200 1935 312 1992 bus
339 1935 755 2012 pallidioribus
768 1979 791 2007 ,
841 1935 1039 1991 fronte
1072 1935 1130 1990 bi
1149 1968 1178 1978 —
1201 1933 1525 2008 foveolata,
1577 1956 1693 1992 an·-

199 2032 318 2088 tice
383 2027 550 2088 linea
602 2030 984 2088 transversali
1053 2031 1373 2105 impressa,
1439 2030 1692 2089 thorace

209 2126 451 2182 cordato
470 2168 485 2198 ,
532 2127 749 2184 leviter
786 2127 1099 2182 cruciatim
1124 2128 1436 2202 impresso.

160 2234 475 2292 Reiclzenb.
505 2236 667 2294 Mon.
691 2236 842 2292 Psel.
875 2234 973 2313 75.
1001 2252 1097 2292 22.
1147 2235 1290 2292 Tab.
1328 2252 1382 2292 2.
1402 2233 1468 2313 f.
1505 2252 1604 2293 22.

159 2345 412 2403 Habitat
469 2346 580 2404 sub
646 2349 870 2404 cortice
932 2345 1218 2403 arborum
1276 2354 1686 2405 emortuarum

245 2460 458 2498 rarius,

181 2554 510 2621 Magnitudo,
545 2566 761 2618 statura,
799 2554 935 2606 color
971 2567 1021 2605 et
1056 2573 1248 2605 summa
1284 2553 1686 2620 affinitas-prae·-

77 2621 329 2687 cedentis,
366 2627 780 2691 impressionibus
819 2628 993 2692 capitis
1046 2637 1096 2674 et
1133 2626 1454 2691 pubescentia
1504 2643 1687 2691 corpo-

75 2692 143 2740 ris
178 2694 330 2757 paulo
369 2695 632 2756 densiore,
671 2697 772 2744 fere
810 2698 956 2745 unice
995 2694 1279 2745 distinctus.
1356 2695 1519 2761 Caput
1567 2713 1685 2742 ma·-

74 2762 359 2825 jusculum,
423 2767 561 2814 sub-
533 2733 905 2832 -triangulare,
965 2766 1287 2831 depressum,
1345 2767 1505 2814 11110-
1521 2775 1685 2813 testa-

75 2849 236 2893 ceum,
274 2835 435 2883 antiee
470 2836 599 2884 inter
631 2848 957 2885 antennarum
987 2835 1310 2896 insertionem
1336 2835 1486 2901 striga
1513 2845 1686 2882 trans-

73 2918 218 2950 versa
257 2903 572 2969 impressum,
611 2916 662 2953 et
697 2906 753 2953 in
793 2907 957 2955 fronte
983 2905 1200 2954 foveolis
1235 2893 1385 2964 binis,
1422 2905 1522 2967 jam
1560 2921 1623 2951 ex
1628 2922 1684 2951 1*

71 2969 419 3034 dentioribus,
479 2975 578 3038 jam
624 2974 827 3042 parvis,
896 2974 1163 3037 obsoletis,
1233 2984 1486 3039 notatum,
1545 2971 1680 3022 oculi

1577 3042 1683 3090 mi·-
