1966 3330
650 136 1104 198 Coccinella.
1583 138 1704 199 205

200 287 341 347 Var.
369 306 435 358 0,
479 287 720 363 punctis
748 294 816 344 ut
845 289 910 344 in
938 307 1061 349 var.
1092 287 1157 364 h,
1201 291 1307 348 sed
1339 291 1528 350 multo
1565 312 1703 352 ma—

264 381 498 457 joribus
517 423 534 453 ,
575 382 853 440 dilatatis,

184 484 515 540 Coccinellcc
584 484 872 560 segetulis,
960 482 1216 541 Naeze'n.
1292 489 1415 546 Act.
1499 489 1699 550 Holm.

272 586 446 645 1792.
494 586 628 646 170.
689 569 834 627 Tab.
879 587 935 645 7.
965 568 1030 647 f.
1076 587 1143 638 1,
1190 586 1245 624 2.

182 671 326 731 Var.
369 675 442 748 cl,
494 675 711 730 eadem
755 693 824 729 ac
849 692 972 732 var.
1013 671 1081 745 b,
1129 673 1234 728 sed
1270 684 1560 748 punctum
1597 676 1701 733 Se—

266 769 527 824 cundum
557 769 883 844 marginale
911 769 1092 824 deest.
1138 766 1327 827 Fabr.
1360 770 1554 848 Payk.
1598 772 1699 830 De

266 862 447 920 Ge'er.
492 863 748 920 Ilerbst.
797 862 1062 921 Sclzbnlz.
1089 862 1126 917 l.
1161 882 1207 918 c.
1241 886 1280 922 α
1306 874 1366 919 et
1395 886 1527 923 ναν.
1553 861 1618 941 β.

177 969 323 1029 ναῖ’.
361 993 426 1043 e,
474 973 681 1038 eadem
719 990 788 1028 ac
816 991 938 1030 var.
966 969 1030 1044 b,
1079 971 1184 1027 sed
1218 982 1509 1048 punctum
1549 974 1698 1030 ulti-

269 1086 438 1123 mum
467 1067 684 1142 singuli
715 1067 893 1143 elytri
934 1066 1117 1121 deest.

180 1189 320 1247 Var.
334 1192 413 1266 f,
458 1197 522 1245 ut
550 1210 618 1261 a,
657 1189 763 1246 sed
791 1197 1016 1266 puncta
1045 1189 1157 1245 tria
1185 1187 1452 1246 lateralia
1481 1189 1692 1265 cujus-

263 1287 352 1342 vis
390 1284 565 1359 elytri
610 1285 854 1357 desunt,
900 1284 1352 1341 remanentibus
1397 1285 1695 1341 humerali

259 1388 319 1434 et
345 1381 632 1435 interiore
677 1380 877 1437 medio
916 1380 981 1436 in
1022 1381 1232 1457 quovis
1272 1380 1502 1456 elytr0‚
1548 1401 1699 1438 scu-

254 1475 569 1550 tellarique
603 1476 906 1533 communi
947 1475 1184 1532 trilobo,

175 1593 317 1653 Var.
344 1620 422 1676 g,
472 1600 705 1655 macula
735 1598 1038 1656 seutellari
1071 1601 1136 1655 in
1175 1606 1296 1654 tres
1338 1598 1558 1665 divisa,
1605 1582 1690 1654 li'-

256 1712 374 1748 nea
401 1713 620 1769 nempe
638 1696 1061 1751 communis'in
1087 1694 1213 1751 basi
1232 1702 1489 1765 suturae,
1522 1702 1581 1748 et
1612 1693 1689 1749 ad

250 1788 381 1864 ejus
410 1772 642 1864 apicem
671 1797 964 1865 punctum
1003 1790 1333 1846 solitarium
1373 1790 1686 1864 utrinque3

256 1892 483 1959 puncta
508 1885 738 1960 reliqua
761 1892 828 1940 ut
852 1884 917 1939 in
951 1903 994 1940 a
1028 1892 1087 1941 et
1112 1883 1164 1940 b.

173 2006 316 2066 Var.
349 2006 426 2077 h,
475 2007 711 2063 macula
739 2005 1039 2064 scutellari
1067 2005 1222 2062 utin
1255 2023 1378 2062 var.
1400 2023 1475 2081 g,
1517 2020 1685 2077 pun—

257 2110 352 2158 cta
390 2102 620 2177 reliqua
660 2110 727 2158 ut
757 2103 822 2158 in
862 2121 985 2161 var.
1026 2103 1097 2177 d,
1157 2101 1422 2157 secundo
1468 2116 1688 2173 nempe

257 2198 571 2272 marginali
597 2197 933 2257 deficiente.

174 2319 316 2380 ναῖ’.
345 2318 396 2391 i,
441 2319 676 2376 macula
718 2319 1050 2376 scutellaris
1089 2319 1154 2374 in
1193 2324 1315 2372 tres
1354 2313 1574 2386 divisa,
1618 2321 1688 2369 ut

248 2415 314 2470 in
351 2431 476 2474 ναῖ’.
509 2435 589 2492 g,
637 2414 680 2472 h
696 2457 719 2486 ,
759 2423 1072 2490 praeterea
1121 2419 1352 2467 tantum
1390 2417 1685 2486 punctum

256 2507 569 2566 humerale
613 2518 671 2566 et
713 2501 1021 2566 internum
1063 2506 1294 2565 dorsale
1332 2507 1397 2563 in
1446 2505 1682 2581 singulo

253 2603 482 2680 elytro3
523 2604 754 2681 reliqua
780 2606 1007 2662 desunt.

176 2722 318 2782 Var.
360 2725 427 2800 k,
471 2726 676 2802 elytris
714 2728 874 2784 linea
915 2724 1221 2783 communi
1262 2722 1471 2779 baseos
1533 2721 1685 2776 sim-

254 2818 434 2894 plici,
480 2822 703 2897 absque
740 2830 965 2899 puncto
1017 2820 1323 2895 adjacente
1369 2817 1683 2891 utrinque3

253 2923 480 2990 puncto
507 2916 823 2994 humerali,
867 2915 1097 2974 duobus
1122 2917 1186 2974 in
1211 2913 1409 2971 medio
1443 2911 1683 2986 oblique

1513 3025 1685 3084 posi-
