1966 3330
213 150 296 209 56
843 145 1196 224 Leptasta.

326 294 382 342 In
437 309 540 342 var.
590 287 652 353 d,
703 290 983 356 signaturae
1018 290 1185 356 nigrae
1222 286 1451 339 dilatatae
1488 290 1827 352 confluente53

219 367 367 418 vitta⁴
395 361 556 411 media
591 361 752 409 antice
788 360 1022 408 anteum
1061 358 1254 408 macula
1291 359 1545 408 scutellari
1582 377 1827 420 connexa,

173 471 180 475 -
227 443 313 482 aut
350 431 427 480 illi
462 431 834 497 approximata,
880 441 937 478 ut
985 440 1035 477 et
1073 448 1182 477 cum
1225 428 1435 477 maculis
1477 429 1831 497 marginalibus

223 504 513 563 confluens5
570 511 684 549 ante
744 502 936 565 apicem
996 499 1145 547 fascia
1192 497 1362 547 lunata
1412 497 1577 561 lutea,
1629 511 1830 550 suturae

226 573 525 634 conjuncta,
566 587 713 636 saepe
747 580 987 636 angusta,
1025 579 1076 616 et
1110 569 1220 633 ipse
1257 586 1386 634 apex
1421 568 1606 619 luteuS.

331 642 392 689 In
430 637 540 689 var.
584 658 640 702 e,
689 638 822 688 color
862 640 1001 703 niger
1039 637 1328 700 dominans3
1379 649 1546 686 sutura
1596 648 1646 686 et
1699 654 1832 703 apex

227 721 453 776 anguste,
493 709 683 757 macula
718 708 990 756 humeralis
1031 718 1081 755 et
1110 708 1236 756 duae
1266 709 1487 757 minores
1514 709 1834 756 intra-mar-

227 779 419 847 ginales
452 790 653 827 tantum
691 780 824 826 flava
862 788 1149 842 supersunt.

333 852 395 900 In
433 867 537 898 var.
578 848 626 910 f,
678 847 837 911 elytra
875 857 983 894 tota
1021 848 1191 912 nigra,
1244 845 1395 907 modo
1444 857 1614 895 sutura
1659 862 1834 896 versus

227 921 420 987 apicem
458 929 665 985 anguste
707 929 757 966 et
792 915 986 965 macula
1022 934 1177 982 parva
1214 918 1307 966 sub
1344 916 1554 965 humero
1592 918 1742 967 flava.

235 1084 341 1139 53.
387 1081 459 1138 L.
502 1080 886 1138 borealis:
940 1080 1276 1154 angustior,
1325 1079 1520 1154 nigra,
1566 1085 1838 1155 punctu-

182 1191 186 1194 ’
265 1202 274 1208 ‘
354 1178 502 1250 lata,
565 1175 811 1232 thorace
878 1173 1166 1232 lateribus
1228 1175 1639 1246 tuberculatO,
1696 1173 1835 1247 ely—

355 1274 462 1330 tris
536 1271 720 1328 fascia
799 1270 1040 1347 obliqua
1113 1270 1355 1342 baseos,
1421 1289 1565 1326 arcu
1632 1269 1836 1325 medio

355 1368 712 1444 maculaque
758 1367 918 1422 intra
959 1367 1225 1442 apicem,
1275 1366 1465 1424 flaviS.

314 1473 574 1549 Leptzcra
615 1468 1091 1545 interrogationis
1116 1490 1246 1528 var.
1290 1464 1344 1540 ζ,
1397 1465 1568 1546 Payk.
1597 1465 1839 1526 Scho'nh.

391 1558 528 1634 Syn.
575 1555 628 1612 5.
671 1552 813 1633 491.
1584 1618 1587 1621 1

241 1737 247 1742 q
318 1660 569 1723 Habitat
623 1661 688 1715 in
734 1645 1071 1716 Finlandia.
1169 1658 1353 1717 Dom.
1395 1651 1614 1735 Pseiffi
1673 1651 1840 1713 fflus,

404 1757 588 1814 Dom.
626 1754 998 1813 Sch'onlzerr.

341 1860 523 1910 Affinis
581 1859 787 1925 quidem
853 1859 917 1911 L.
981 1857 1576 1924 interrogationis,
1643 1857 1842 1908 diversa

236 1945 404 1982 ‘tamen
459 1931 691 1991 videtur,
757 1927 910 1996 longe
973 1932 1166 1988 minor,
1228 1928 1512 1994 praesertim
1571 1929 1842 1994 angustior,

236 2003 297 2051 L.
336 2000 703 2049 melanurae
752 1998 1002 2062 aequa1i53
1053 2009 1301 2064 praeterea
1337 1996 1574 2046 subtilius
1613 2008 1844 2062 punctu-

236 2072 369 2135 lata,
421 2065 692 2135 elytrorum
729 2069 1025 2133 {signaturae
1077 2067 1233 2128 aliae,
1283 2078 1556 2129 antennae,
1605 2068 1753 2114 tibiae
1793 2076 1844 2113 et

237 2143 352 2190 tarsi
412 2139 810 2188 fusco-testacei
859 2149 953 2187 etc.
1042 2137 1207 2201 Caput
1259 2135 1561 2202 oblongum,
1623 2138 1844 2184 anterius

239 2221 587 2277 angustatum,
635 2209 862 2274 nigrum,
911 2206 1298 2273 punctulatum,
1336 2206 1499 2252 fronte
1535 2206 1715 2254 leviter
1754 2223 1847 2253 ca-

239 2279 534 2338 naliculata,
584 2297 663 2327 ore
700 2278 1252 2340 testaceo-variegato3
1303 2273 1436 2323 oculi
1471 2277 1716 2336 brunnei,
1753 2292 1848 2340 pa-

237 2369 351 2400 rum
389 2349 692 2416 emarginati.
765 2347 1032 2395 Antennae
1072 2344 1390 2411 longitudine
1430 2346 1645 2411 corporis
1681 2346 1848 2392 fusco-

237 2431 502 2469 testaceae.
589 2418 796 2467 Thorax
857 2415 1130 2481 oblongus,
1179 2417 1311 2462 intra
1362 2415 1503 2462 basin
1557 2426 1606 2462 et
1651 2415 1847 2480 apicem

241 2489 344 2538 late
381 2489 468 2538 sed
501 2506 672 2553 parum
713 2486 960 2553 profunde
1001 2485 1326 2547 constrictus3
1377 2482 1612 2533 lateribus
1661 2495 1846 2532 rotun-

245 2559 388 2609 datus
450 2569 500 2606 et
557 2556 819 2606 tuberculo
871 2573 1026 2621 parvo
1075 2557 1255 2603 obtuso
1307 2565 1549 2615 armatus,
1604 2554 1710 2602 basi
1755 2551 1846 2599 bi-

245 2622 500 2689 sinuatus,
552 2626 746 2691 angulis
784 2625 1079 2686 rotundatis,
1119 2641 1265 2690 supra
1303 2641 1596 2686 convexus,
1636 2619 1847 2672 obsole-

243 2700 441 2747 tissime
502 2694 887 2756 canaliculatus,
954 2695 1119 2743 crebre
1175 2692 1424 2741 subtiliter
1501 2691 1847 2759 punctulatus,

245 2779 399 2816 tenue
462 2769 775 2833 pubescens,
839 2776 976 2814 totus
1042 2765 1207 2830 niger,
1273 2780 1476 2828 opacus.
1563 2760 1848 2811 Scutellum

244 2837 548 2905 triangulare
586 2839 787 2884 acutum
824 2837 1052 2900 nigrum,
1102 2835 1194 2882 vix
1230 2832 1600 2898 punctulaturn.
1673 2829 1848 2895 Elytra

247 2910 408 2956 antice
457 2906 672 2956 thoracis
720 2906 827 2955 basi
876 2904 1086 2954 dimidio
1122 2902 1321 2964 latiora,
1372 2903 1590 2951 humeris
1639 2899 1851 2950 elevatis

244 2976 543 3041 rotundatis,
579 2975 777 3026 thorace
814 2973 1086 3042 quintuplo
1125 2972 1381 3042 longiora,
1419 2973 1664 3039 posterius
1699 2967 1850 3019 valde

1684 3055 1854 3106 angu-
