<?xml version="1.0" encoding="UTF-8"?>
<!DOCTYPE html PUBLIC "-//W3C//DTD XHTML 1.0 Transitional//EN"
    "http://www.w3.org/TR/xhtml1/DTD/xhtml1-transitional.dtd">
<html xmlns="http://www.w3.org/1999/xhtml" xml:lang="en" lang="en">
 <head>
  <title>
</title>
<meta http-equiv="Content-Type" content="text/html;charset=utf-8" />
  <meta name='ocr-system' content='tesseract 3.04.00' />
  <meta name='ocr-capabilities' content='ocr_page ocr_carea ocr_par ocr_line ocrx_word'/>
</head>
<body>
  <div class='ocr_page' id='page_1' title='image "./insectasvecicade14gyll_0634.png"; bbox 0 0 1905 3330; ppageno 0'>
   <div class='ocr_carea' id='block_1_1' title="bbox 177 103 1357 183">
    <p class='ocr_par' dir='ltr' id='par_1_1' title="bbox 177 103 1357 183">
     <span class='ocr_line' id='line_1_1' title="bbox 177 103 1357 183; baseline 0 -15"><span class='ocrx_word' id='word_1_1' title='bbox 177 103 304 169; x_wconf 79' lang='lat'>618</span> <span class='ocrx_word' id='word_1_2' title='bbox 580 105 967 183; x_wconf 76' lang='lat' dir='ltr'>Appendix</span> <span class='ocrx_word' id='word_1_3' title='bbox 1006 107 1097 167; x_wconf 80' lang='lat' dir='ltr'>ad</span> <span class='ocrx_word' id='word_1_4' title='bbox 1128 109 1357 168; x_wconf 90' lang='lat' dir='ltr'><em>P.III</em></span> 
     </span>
    </p>
   </div>
   <div class='ocr_carea' id='block_1_2' title="bbox 268 254 1792 526">
    <p class='ocr_par' dir='ltr' id='par_1_2' title="bbox 268 254 1792 526">
     <span class='ocr_line' id='line_1_2' title="bbox 347 254 1792 343; baseline 0.005 -29"><span class='ocrx_word' id='word_1_5' title='bbox 347 257 459 315; x_wconf 84' lang='lat' dir='ltr'>bus</span> <span class='ocrx_word' id='word_1_6' title='bbox 500 254 629 312; x_wconf 89' lang='lat' dir='ltr'>sere</span> <span class='ocrx_word' id='word_1_7' title='bbox 680 258 854 330; x_wconf 64' lang='lat' dir='ltr'>totJS,</span> <span class='ocrx_word' id='word_1_8' title='bbox 902 279 1084 343; x_wconf 82' lang='lat' dir='ltr'>saepe</span> <span class='ocrx_word' id='word_1_9' title='bbox 1143 262 1326 318; x_wconf 80' lang='lat' dir='ltr'>etiam</span> <span class='ocrx_word' id='word_1_10' title='bbox 1378 263 1537 320; x_wconf 74' lang='lat' dir='ltr'>tibiis</span> <span class='ocrx_word' id='word_1_11' title='bbox 1594 266 1792 339; x_wconf 71' lang='lat' dir='ltr'>posti-</span> 
     </span>
     <span class='ocr_line' id='line_1_3' title="bbox 348 352 689 427; baseline 0.009 -20"><span class='ocrx_word' id='word_1_12' title='bbox 348 354 434 407; x_wconf 89' lang='lat' dir='ltr'>cis</span> <span class='ocrx_word' id='word_1_13' title='bbox 482 352 689 427; x_wconf 84' lang='lat' dir='ltr'>nigriS.</span> 
     </span>
     <span class='ocr_line' id='line_1_4' title="bbox 268 437 1315 526; baseline 0.005 -23"><span class='ocrx_word' id='word_1_14' title='bbox 268 446 521 503; x_wconf 63' lang='lat' dir='ltr'>Habitat</span> <span class='ocrx_word' id='word_1_15' title='bbox 557 466 693 502; x_wconf 87' lang='lat' dir='ltr'>cum</span> <span class='ocrx_word' id='word_1_16' title='bbox 737 447 1042 522; x_wconf 73' lang='lat' dir='ltr'>prioribus</span> <span class='ocrx_word' id='word_1_17' title='bbox 1067 437 1315 526; x_wconf 59' lang='lat' dir='ltr'>passim.</span> 
     </span>
    </p>
   </div>
   <div class='ocr_carea' id='block_1_3' title="bbox 172 533 1805 883">
    <p class='ocr_par' dir='ltr' id='par_1_3' title="bbox 172 533 1805 883">
     <span class='ocr_line' id='line_1_5' title="bbox 286 533 1793 604; baseline 0.003 -21"><span class='ocrx_word' id='word_1_18' title='bbox 286 535 383 583; x_wconf 83' lang='lat' dir='ltr'>Pssi</span> <span class='ocrx_word' id='word_1_19' title='bbox 419 534 507 583; x_wconf 83' lang='lat' dir='ltr'>vel</span> <span class='ocrx_word' id='word_1_20' title='bbox 544 533 836 599; x_wconf 81' lang='lat' dir='ltr'>squamulae</span> <span class='ocrx_word' id='word_1_21' title='bbox 872 537 1085 601; x_wconf 77' lang='lat' dir='ltr'>paginae</span> <span class='ocrx_word' id='word_1_22' title='bbox 1124 538 1392 604; x_wconf 81' lang='lat' dir='ltr'>superioris</span> <span class='ocrx_word' id='word_1_23' title='bbox 1428 539 1657 600; x_wconf 85' lang='lat' dir='ltr'>rariores,</span> <span class='ocrx_word' id='word_1_24' title='bbox 1706 550 1793 588; x_wconf 86' lang='lat' dir='ltr'>aut</span> 
     </span>
     <span class='ocr_line' id='line_1_6' title="bbox 176 603 1805 676; baseline 0.001 -21"><span class='ocrx_word' id='word_1_25' title='bbox 176 607 431 665; x_wconf 76' lang='lat' dir='ltr'>cinereae,</span> <span class='ocrx_word' id='word_1_26' title='bbox 483 615 570 652; x_wconf 86' lang='lat' dir='ltr'>aut</span> <span class='ocrx_word' id='word_1_27' title='bbox 606 605 942 667; x_wconf 85' lang='lat' dir='ltr'>virescentes;</span> <span class='ocrx_word' id='word_1_28' title='bbox 992 604 1127 654; x_wconf 88' lang='lat' dir='ltr'>color</span> <span class='ocrx_word' id='word_1_29' title='bbox 1165 610 1383 673; x_wconf 84' lang='lat' dir='ltr'>corporis</span> <span class='ocrx_word' id='word_1_30' title='bbox 1424 611 1578 675; x_wconf 82' lang='lat' dir='ltr'>magis</span> <span class='ocrx_word' id='word_1_31' title='bbox 1619 603 1805 676; x_wconf 47' lang='lat' dir='ltr'>niger}</span> 
     </span>
     <span class='ocr_line' id='line_1_7' title="bbox 175 673 1791 745; baseline 0.002 -21"><span class='ocrx_word' id='word_1_32' title='bbox 175 677 364 724; x_wconf 83' lang='lat' dir='ltr'>femora</span> <span class='ocrx_word' id='word_1_33' title='bbox 401 677 567 723; x_wconf 87' lang='lat' dir='ltr'>omnia</span> <span class='ocrx_word' id='word_1_34' title='bbox 609 673 713 721; x_wconf 78' lang='lat' dir='ltr'>fere</span> <span class='ocrx_word' id='word_1_35' title='bbox 748 686 850 722; x_wconf 85' lang='lat' dir='ltr'>tota</span> <span class='ocrx_word' id='word_1_36' title='bbox 889 677 1058 742; x_wconf 84' lang='lat' dir='ltr'>nigra,</span> <span class='ocrx_word' id='word_1_37' title='bbox 1098 677 1349 725; x_wconf 83' lang='lat' dir='ltr'>interdum</span> <span class='ocrx_word' id='word_1_38' title='bbox 1390 680 1493 726; x_wconf 88' lang='lat' dir='ltr'>basi</span> <span class='ocrx_word' id='word_1_39' title='bbox 1533 682 1647 745; x_wconf 89' lang='lat' dir='ltr'>plus</span> <span class='ocrx_word' id='word_1_40' title='bbox 1687 681 1791 727; x_wconf 83' lang='lat' dir='ltr'>mi·-</span> 
     </span>
     <span class='ocr_line' id='line_1_8' title="bbox 174 745 1789 815; baseline 0.002 -20"><span class='ocrx_word' id='word_1_41' title='bbox 174 765 337 796; x_wconf 85' lang='lat' dir='ltr'>nusve</span> <span class='ocrx_word' id='word_1_42' title='bbox 383 746 726 808; x_wconf 83' lang='lat' dir='ltr'>rufo—picea3</span> <span class='ocrx_word' id='word_1_43' title='bbox 780 745 959 806; x_wconf 85' lang='lat' dir='ltr'>tibiae,</span> <span class='ocrx_word' id='word_1_44' title='bbox 1010 750 1300 813; x_wconf 85' lang='lat' dir='ltr'>praesertim</span> <span class='ocrx_word' id='word_1_45' title='bbox 1341 752 1591 815; x_wconf 82' lang='lat' dir='ltr'><strong>posticae,</strong></span> <span class='ocrx_word' id='word_1_46' title='bbox 1640 752 1789 798; x_wconf 87' lang='lat' dir='ltr'>etiam</span> 
     </span>
     <span class='ocr_line' id='line_1_9' title="bbox 172 816 845 883; baseline -0.001 -18"><span class='ocrx_word' id='word_1_47' title='bbox 172 835 321 883; x_wconf 81' lang='lat' dir='ltr'>saepe</span> <span class='ocrx_word' id='word_1_48' title='bbox 363 816 617 865; x_wconf 85' lang='lat' dir='ltr'>obscurius</span> <span class='ocrx_word' id='word_1_49' title='bbox 658 817 845 881; x_wconf 82' lang='lat' dir='ltr'>piceae.</span> 
     </span>
    </p>
   </div>
   <div class='ocr_carea' id='block_1_4' title="bbox 176 915 1784 1082">
    <p class='ocr_par' dir='ltr' id='par_1_4' title="bbox 176 915 1784 1082">
     <span class='ocr_line' id='line_1_10' title="bbox 176 915 1784 993; baseline 0.001 -21"><span class='ocrx_word' id='word_1_50' title='bbox 176 918 283 972; x_wconf 82' lang='lat'>52.</span> <span class='ocrx_word' id='word_1_51' title='bbox 339 915 407 973; x_wconf 89' lang='lat' dir='ltr'>C.</span> <span class='ocrx_word' id='word_1_52' title='bbox 457 915 839 969; x_wconf 83' lang='lat' dir='ltr'>Cervinus</span> <span class='ocrx_word' id='word_1_53' title='bbox 890 936 948 993; x_wconf 82' lang='lat' dir='ltr'>p.</span> <span class='ocrx_word' id='word_1_54' title='bbox 985 917 1140 973; x_wconf 77' lang='lat'><strong>552.</strong></span> <span class='ocrx_word' id='word_1_55' title='bbox 1208 915 1784 992; x_wconf 81' lang='lat' dir='ltr'>Gen.Polydro-</span> 
     </span>
     <span class='ocr_line' id='line_1_11' title="bbox 295 1009 766 1082; baseline -0.011 -14"><span class='ocrx_word' id='word_1_56' title='bbox 295 1031 455 1082; x_wconf 73' lang='lat' dir='ltr'>sue,</span> <span class='ocrx_word' id='word_1_57' title='bbox 501 1009 766 1067; x_wconf 65' lang='lat' dir='ltr'>Sclzzjnlz.</span> 
     </span>
    </p>
   </div>
   <div class='ocr_carea' id='block_1_5' title="bbox 175 1105 1787 1272">
    <p class='ocr_par' dir='ltr' id='par_1_5' title="bbox 175 1105 1787 1272">
     <span class='ocr_line' id='line_1_12' title="bbox 175 1105 1787 1183; baseline -0.001 -18"><span class='ocrx_word' id='word_1_58' title='bbox 175 1109 281 1169; x_wconf 97' lang='grc'>55.</span> <span class='ocrx_word' id='word_1_59' title='bbox 327 1107 395 1165; x_wconf 91' lang='lat' dir='ltr'>C.</span> <span class='ocrx_word' id='word_1_60' title='bbox 447 1106 834 1179; x_wconf 83' lang='lat' dir='ltr'>oblongus</span> <span class='ocrx_word' id='word_1_61' title='bbox 879 1126 937 1182; x_wconf 88' lang='lat' dir='ltr'>p.</span> <span class='ocrx_word' id='word_1_62' title='bbox 986 1105 1143 1168; x_wconf 66' lang='lat'>354.</span> <span class='ocrx_word' id='word_1_63' title='bbox 1259 1106 1413 1163; x_wconf 85' lang='lat' dir='ltr'><strong>Gen.</strong></span> <span class='ocrx_word' id='word_1_64' title='bbox 1455 1107 1787 1183; x_wconf 87' lang='lat' dir='ltr'>Phyllo-</span> 
     </span>
     <span class='ocr_line' id='line_1_13' title="bbox 296 1200 987 1272; baseline -0.007 -11"><span class='ocrx_word' id='word_1_65' title='bbox 296 1203 502 1272; x_wconf 83' lang='lat' dir='ltr'>hius,</span> <span class='ocrx_word' id='word_1_66' title='bbox 553 1200 820 1258; x_wconf 61' lang='lat' dir='ltr'>Sclzzjnlz.</span> <span class='ocrx_word' id='word_1_67' title='bbox 984 1213 987 1216; x_wconf 83' lang='lat'>&#39;</span> 
     </span>
    </p>
   </div>
   <div class='ocr_carea' id='block_1_6' title="bbox 168 1328 1541 1968">
    <p class='ocr_par' dir='ltr' id='par_1_6' title="bbox 168 1328 1541 1968">
     <span class='ocr_line' id='line_1_14' title="bbox 533 1328 1408 1401; baseline 0.005 -21"><span class='ocrx_word' id='word_1_68' title='bbox 533 1330 729 1380; x_wconf 83' lang='lat' dir='ltr'>HYL</span> <span class='ocrx_word' id='word_1_69' title='bbox 761 1328 1126 1382; x_wconf 86' lang='lat' dir='ltr'>ESINUS</span> <span class='ocrx_word' id='word_1_70' title='bbox 1195 1352 1250 1401; x_wconf 86' lang='lat' dir='ltr'>p.</span> <span class='ocrx_word' id='word_1_71' title='bbox 1288 1335 1408 1384; x_wconf 82' lang='lat'><strong>335.</strong></span> 
     </span>
     <span class='ocr_line' id='line_1_15' title="bbox 180 1411 1241 1500; baseline -0.003 -15"><span class='ocrx_word' id='word_1_72' title='bbox 180 1449 230 1485; x_wconf 87' lang='lat'>1.</span> <span class='ocrx_word' id='word_1_73' title='bbox 271 1426 350 1482; x_wconf 87' lang='lat' dir='ltr'>H.</span> <span class='ocrx_word' id='word_1_74' title='bbox 394 1425 843 1499; x_wconf 79' lang='lat' dir='ltr'>ligniperda</span> <span class='ocrx_word' id='word_1_75' title='bbox 890 1446 955 1500; x_wconf 80' lang='lat' dir='ltr'>p.</span> <span class='ocrx_word' id='word_1_76' title='bbox 998 1427 1152 1483; x_wconf 80' lang='lat'><strong>555.</strong></span> <span class='ocrx_word' id='word_1_77' title='bbox 1233 1411 1241 1418; x_wconf 9' lang='grc' dir='ltr'><strong>ἃ</strong></span> 
     </span>
     <span class='ocr_line' id='line_1_16' title="bbox 174 1521 1119 1596; baseline -0.004 -16"><span class='ocrx_word' id='word_1_78' title='bbox 174 1544 231 1580; x_wconf 79' lang='lat'>2.</span> <span class='ocrx_word' id='word_1_79' title='bbox 274 1523 351 1577; x_wconf 82' lang='lat' dir='ltr'>H.</span> <span class='ocrx_word' id='word_1_80' title='bbox 391 1521 822 1596; x_wconf 70' lang='lat' dir='ltr'>Piniperda</span> <span class='ocrx_word' id='word_1_81' title='bbox 866 1542 922 1596; x_wconf 85' lang='lat' dir='ltr'>p.</span> <span class='ocrx_word' id='word_1_82' title='bbox 964 1521 1119 1596; x_wconf 85' lang='grc'><strong>557.</strong></span> 
     </span>
     <span class='ocr_line' id='line_1_17' title="bbox 172 1617 1086 1693; baseline -0.003 -17"><span class='ocrx_word' id='word_1_83' title='bbox 172 1623 230 1676; x_wconf 86' lang='grc'>5.</span> <span class='ocrx_word' id='word_1_84' title='bbox 275 1618 354 1673; x_wconf 89' lang='lat' dir='ltr'>H.</span> <span class='ocrx_word' id='word_1_85' title='bbox 404 1624 784 1673; x_wconf 76' lang='lat' dir='ltr'>crenatus</span> <span class='ocrx_word' id='word_1_86' title='bbox 839 1637 896 1693; x_wconf 89' lang='lat' dir='ltr'>p.</span> <span class='ocrx_word' id='word_1_87' title='bbox 931 1617 1086 1691; x_wconf 79' lang='lat'><strong>559.</strong></span> 
     </span>
     <span class='ocr_line' id='line_1_18' title="bbox 171 1712 1081 1791; baseline -0.002 -18"><span class='ocrx_word' id='word_1_88' title='bbox 171 1719 229 1774; x_wconf 70' lang='lat'>4.</span> <span class='ocrx_word' id='word_1_89' title='bbox 276 1713 356 1769; x_wconf 92' lang='lat' dir='ltr'>H.</span> <span class='ocrx_word' id='word_1_90' title='bbox 407 1712 785 1788; x_wconf 82' lang='lat' dir='ltr'>palliatus</span> <span class='ocrx_word' id='word_1_91' title='bbox 836 1733 892 1791; x_wconf 86' lang='lat' dir='ltr'>p.</span> <span class='ocrx_word' id='word_1_92' title='bbox 926 1713 1081 1771; x_wconf 68' lang='lat'><strong>540.</strong></span> 
     </span>
     <span class='ocr_line' id='line_1_19' title="bbox 250 1800 1541 1879; baseline -0.003 -17"><span class='ocrx_word' id='word_1_93' title='bbox 250 1803 555 1879; x_wconf 75' lang='lat' dir='ltr'>Hylurgus</span> <span class='ocrx_word' id='word_1_94' title='bbox 584 1803 909 1878; x_wconf 62' lang='lat' dir='ltr'>palliatus3</span> <span class='ocrx_word' id='word_1_95' title='bbox 950 1801 1089 1876; x_wconf 83' lang='lat' dir='ltr'>Dej.</span> <span class='ocrx_word' id='word_1_96' title='bbox 1136 1800 1260 1858; x_wconf 83' lang='lat' dir='ltr'>Cat.</span> <span class='ocrx_word' id='word_1_97' title='bbox 1296 1819 1355 1879; x_wconf 84' lang='lat' dir='ltr'>p.</span> <span class='ocrx_word' id='word_1_98' title='bbox 1405 1820 1541 1859; x_wconf 87' lang='lat'><strong>100.</strong></span> 
     </span>
     <span class='ocr_line' id='line_1_20' title="bbox 168 1894 1171 1968; baseline -0.002 -15"><span class='ocrx_word' id='word_1_99' title='bbox 168 1898 228 1953; x_wconf 91' lang='grc'>5.</span> <span class='ocrx_word' id='word_1_100' title='bbox 269 1894 350 1950; x_wconf 86' lang='grc' dir='ltr'><strong>ΙΙ.</strong></span> <span class='ocrx_word' id='word_1_101' title='bbox 404 1903 870 1968; x_wconf 81' lang='lat' dir='ltr'>angustatus</span> <span class='ocrx_word' id='word_1_102' title='bbox 925 1914 978 1968; x_wconf 85' lang='lat' dir='ltr'>p.</span> <span class='ocrx_word' id='word_1_103' title='bbox 1016 1896 1171 1951; x_wconf 69' lang='lat'><strong>542.</strong></span> 
     </span>
    </p>
   </div>
   <div class='ocr_carea' id='block_1_7' title="bbox 251 1981 1778 2145">
    <p class='ocr_par' dir='ltr' id='par_1_7' title="bbox 251 1981 1778 2145">
     <span class='ocr_line' id='line_1_21' title="bbox 251 1981 1778 2063; baseline -0.002 -23"><span class='ocrx_word' id='word_1_104' title='bbox 251 1986 555 2063; x_wconf 61' lang='lat' dir='ltr'>ffi’lurgus</span> <span class='ocrx_word' id='word_1_105' title='bbox 594 2003 845 2058; x_wconf 71' lang='lat' dir='ltr'>opacus,</span> <span class='ocrx_word' id='word_1_106' title='bbox 896 1985 1161 2057; x_wconf 74' lang='lat' dir='ltr'>Ziegler.</span> <span class='ocrx_word' id='word_1_107' title='bbox 1204 1981 1343 2055; x_wconf 77' lang='lat' dir='ltr'>Dej.</span> <span class='ocrx_word' id='word_1_108' title='bbox 1374 1982 1497 2038; x_wconf 78' lang='lat' dir='ltr'>Cat.</span> <span class='ocrx_word' id='word_1_109' title='bbox 1542 2001 1605 2058; x_wconf 79' lang='lat' dir='ltr'>p.</span> <span class='ocrx_word' id='word_1_110' title='bbox 1643 1999 1778 2038; x_wconf 87' lang='lat'><strong>100.</strong></span> 
     </span>
     <span class='ocr_line' id='line_1_22' title="bbox 336 2067 1692 2145; baseline -0.004 -19"><span class='ocrx_word' id='word_1_111' title='bbox 336 2071 410 2126; x_wconf 85' lang='lat' dir='ltr'>ab</span> <span class='ocrx_word' id='word_1_112' title='bbox 440 2071 566 2145; x_wconf 78' lang='lat' dir='ltr'>ipso</span> <span class='ocrx_word' id='word_1_113' title='bbox 598 2070 848 2137; x_wconf 69' lang='lat' dir='ltr'>Gemite,</span> <span class='ocrx_word' id='word_1_114' title='bbox 891 2071 951 2125; x_wconf 82' lang='lat' dir='ltr'>in</span> <span class='ocrx_word' id='word_1_115' title='bbox 985 2067 1196 2126; x_wconf 78' lang='lat' dir='ltr'>litteris</span> <span class='ocrx_word' id='word_1_116' title='bbox 1222 2069 1306 2124; x_wconf 82' lang='lat' dir='ltr'>ita</span> <span class='ocrx_word' id='word_1_117' title='bbox 1334 2067 1692 2142; x_wconf 75' lang='lat' dir='ltr'>designatus.</span> 
     </span>
    </p>
   </div>
   <div class='ocr_carea' id='block_1_8' title="bbox 168 2159 874 2233">
    <p class='ocr_par' dir='ltr' id='par_1_8' title="bbox 168 2159 874 2233">
     <span class='ocr_line' id='line_1_23' title="bbox 168 2159 874 2233; baseline -0.006 -15"><span class='ocrx_word' id='word_1_118' title='bbox 168 2163 227 2221; x_wconf 80' lang='grc'><strong>6.</strong></span> <span class='ocrx_word' id='word_1_119' title='bbox 279 2159 360 2218; x_wconf 84' lang='grc' dir='ltr'><strong>Η.</strong></span> <span class='ocrx_word' id='word_1_120' title='bbox 415 2169 585 2216; x_wconf 84' lang='lat' dir='ltr'>ater</span> <span class='ocrx_word' id='word_1_121' title='bbox 629 2181 684 2233; x_wconf 80' lang='lat' dir='ltr'>p.</span> <span class='ocrx_word' id='word_1_122' title='bbox 722 2161 874 2215; x_wconf 62' lang='lat'>545.</span> 
     </span>
    </p>
   </div>
   <div class='ocr_carea' id='block_1_9' title="bbox 156 2247 1775 3029">
    <p class='ocr_par' dir='ltr' id='par_1_9' title="bbox 245 2247 1365 2325">
     <span class='ocr_line' id='line_1_24' title="bbox 245 2247 1365 2325; baseline -0.006 -17"><span class='ocrx_word' id='word_1_123' title='bbox 245 2250 549 2325; x_wconf 77' lang='lat' dir='ltr'>Hylurgus</span> <span class='ocrx_word' id='word_1_124' title='bbox 580 2262 736 2318; x_wconf 77' lang='lat' dir='ltr'>ater,</span> <span class='ocrx_word' id='word_1_125' title='bbox 781 2247 919 2322; x_wconf 81' lang='lat' dir='ltr'>Dej.</span> <span class='ocrx_word' id='word_1_126' title='bbox 961 2248 1086 2305; x_wconf 83' lang='lat' dir='ltr'>Cat.</span> <span class='ocrx_word' id='word_1_127' title='bbox 1119 2267 1183 2324; x_wconf 83' lang='lat' dir='ltr'>p.</span> <span class='ocrx_word' id='word_1_128' title='bbox 1231 2264 1365 2302; x_wconf 89' lang='lat'><strong>100.</strong></span> 
     </span>
    </p>

    <p class='ocr_par' dir='ltr' id='par_1_10' title="bbox 156 2327 1775 3029">
     <span class='ocr_line' id='line_1_25' title="bbox 262 2327 1775 2395; baseline -0.005 -15"><span class='ocrx_word' id='word_1_129' title='bbox 262 2331 388 2380; x_wconf 88' lang='lat' dir='ltr'>Obs.</span> <span class='ocrx_word' id='word_1_130' title='bbox 438 2332 493 2379; x_wconf 92' lang='lat' dir='ltr'>ln</span> <span class='ocrx_word' id='word_1_131' title='bbox 534 2331 698 2378; x_wconf 88' lang='lat' dir='ltr'>medio</span> <span class='ocrx_word' id='word_1_132' title='bbox 739 2330 950 2379; x_wconf 79' lang='lat' dir='ltr'>thoracis</span> <span class='ocrx_word' id='word_1_133' title='bbox 993 2331 1125 2379; x_wconf 84' lang='lat' dir='ltr'>linea</span> <span class='ocrx_word' id='word_1_134' title='bbox 1164 2339 1397 2395; x_wconf 80' lang='lat' dir='ltr'>angusta,</span> <span class='ocrx_word' id='word_1_135' title='bbox 1444 2327 1632 2387; x_wconf 78' lang='lat' dir='ltr'>laevis,</span> <span class='ocrx_word' id='word_1_136' title='bbox 1682 2345 1775 2373; x_wconf 86' lang='lat' dir='ltr'>ca·-</span> 
     </span>
     <span class='ocr_line' id='line_1_26' title="bbox 160 2396 1775 2467; baseline -0.005 -16"><span class='ocrx_word' id='word_1_137' title='bbox 160 2401 373 2451; x_wconf 81' lang='lat' dir='ltr'>rinulam</span> <span class='ocrx_word' id='word_1_138' title='bbox 415 2402 691 2460; x_wconf 80' lang='lat' dir='ltr'>mentiens,</span> <span class='ocrx_word' id='word_1_139' title='bbox 729 2419 876 2467; x_wconf 81' lang='lat' dir='ltr'>saepe</span> <span class='ocrx_word' id='word_1_140' title='bbox 917 2403 1223 2460; x_wconf 80' lang='lat' dir='ltr'>observatur,</span> <span class='ocrx_word' id='word_1_141' title='bbox 1262 2400 1470 2446; x_wconf 79' lang='lat' dir='ltr'>minime</span> <span class='ocrx_word' id='word_1_142' title='bbox 1508 2415 1625 2445; x_wconf 85' lang='lat' dir='ltr'>vero</span> <span class='ocrx_word' id='word_1_143' title='bbox 1664 2396 1775 2443; x_wconf 85' lang='lat' dir='ltr'>ele-</span> 
     </span>
     <span class='ocr_line' id='line_1_27' title="bbox 160 2469 1773 2536; baseline -0.004 -15"><span class='ocrx_word' id='word_1_144' title='bbox 160 2486 291 2522; x_wconf 77' lang='lat' dir='ltr'>vata.</span> <span class='ocrx_word' id='word_1_145' title='bbox 365 2471 562 2530; x_wconf 78' lang='lat' dir='ltr'>Statura</span> <span class='ocrx_word' id='word_1_146' title='bbox 614 2469 774 2518; x_wconf 84' lang='lat' dir='ltr'>multo</span> <span class='ocrx_word' id='word_1_147' title='bbox 823 2473 1035 2534; x_wconf 85' lang='lat' dir='ltr'>majore,</span> <span class='ocrx_word' id='word_1_148' title='bbox 1095 2470 1351 2536; x_wconf 78' lang='lat' dir='ltr'>longiore,</span> <span class='ocrx_word' id='word_1_149' title='bbox 1402 2469 1599 2515; x_wconf 80' lang='lat' dir='ltr'>thorace</span> <span class='ocrx_word' id='word_1_150' title='bbox 1646 2485 1773 2531; x_wconf 87' lang='lat' dir='ltr'>pro-</span> 
     </span>
     <span class='ocr_line' id='line_1_28' title="bbox 160 2537 1771 2606; baseline -0.004 -14"><span class='ocrx_word' id='word_1_151' title='bbox 160 2543 371 2592; x_wconf 84' lang='lat' dir='ltr'>fundius</span> <span class='ocrx_word' id='word_1_152' title='bbox 411 2551 651 2606; x_wconf 86' lang='lat' dir='ltr'>punctato</span> <span class='ocrx_word' id='word_1_153' title='bbox 691 2552 812 2602; x_wconf 56' lang='lat' dir='ltr'>etc„</span> <span class='ocrx_word' id='word_1_154' title='bbox 852 2560 878 2589; x_wconf 86' lang='lat' dir='ltr'>a</span> <span class='ocrx_word' id='word_1_155' title='bbox 917 2542 1066 2606; x_wconf 83' lang='lat' dir='ltr'>priori</span> <span class='ocrx_word' id='word_1_156' title='bbox 1104 2553 1267 2589; x_wconf 86' lang='lat' dir='ltr'>tamen</span> <span class='ocrx_word' id='word_1_157' title='bbox 1310 2537 1454 2585; x_wconf 81' lang='lat' dir='ltr'>facile</span> <span class='ocrx_word' id='word_1_158' title='bbox 1492 2537 1771 2602; x_wconf 82' lang='lat' dir='ltr'>distingui-</span> 
     </span>
     <span class='ocr_line' id='line_1_29' title="bbox 162 2606 1766 2672; baseline -0.005 -11"><span class='ocrx_word' id='word_1_159' title='bbox 162 2625 258 2663; x_wconf 83' lang='lat' dir='ltr'>tur.</span> <span class='ocrx_word' id='word_1_160' title='bbox 335 2612 543 2659; x_wconf 85' lang='lat' dir='ltr'>Thorax</span> <span class='ocrx_word' id='word_1_161' title='bbox 579 2609 728 2658; x_wconf 85' lang='lat' dir='ltr'>solito</span> <span class='ocrx_word' id='word_1_162' title='bbox 768 2611 820 2657; x_wconf 89' lang='lat' dir='ltr'>in</span> <span class='ocrx_word' id='word_1_163' title='bbox 861 2612 1026 2659; x_wconf 89' lang='lat' dir='ltr'>medio</span> <span class='ocrx_word' id='word_1_164' title='bbox 1066 2606 1303 2659; x_wconf 87' lang='lat' dir='ltr'>nonnihil</span> <span class='ocrx_word' id='word_1_165' title='bbox 1339 2607 1634 2672; x_wconf 84' lang='lat' dir='ltr'>ampliatus,</span> <span class='ocrx_word' id='word_1_166' title='bbox 1674 2624 1766 2654; x_wconf 84' lang='lat' dir='ltr'>su-</span> 
     </span>
     <span class='ocr_line' id='line_1_30' title="bbox 159 2679 1771 2749; baseline -0.004 -20"><span class='ocrx_word' id='word_1_167' title='bbox 159 2701 246 2749; x_wconf 86' lang='lat' dir='ltr'>pra</span> <span class='ocrx_word' id='word_1_168' title='bbox 294 2681 673 2729; x_wconf 73' lang='lat' dir='ltr'>confertissime</span> <span class='ocrx_word' id='word_1_169' title='bbox 705 2693 1006 2744; x_wconf 64' lang='lat' dir='ltr'>punctum,</span> <span class='ocrx_word' id='word_1_170' title='bbox 1070 2680 1204 2728; x_wconf 87' lang='lat' dir='ltr'>unde</span> <span class='ocrx_word' id='word_1_171' title='bbox 1248 2679 1511 2726; x_wconf 86' lang='lat' dir='ltr'>interstitia</span> <span class='ocrx_word' id='word_1_172' title='bbox 1561 2688 1771 2742; x_wconf 79' lang='lat' dir='ltr'>angusta</span> 
     </span>
     <span class='ocr_line' id='line_1_31' title="bbox 158 2748 1768 2817; baseline -0.004 -16"><span class='ocrx_word' id='word_1_173' title='bbox 158 2751 359 2817; x_wconf 48' lang='lat' dir='ltr'>rugula‘s</span> <span class='ocrx_word' id='word_1_174' title='bbox 396 2750 670 2798; x_wconf 84' lang='lat' dir='ltr'>retiformes</span> <span class='ocrx_word' id='word_1_175' title='bbox 704 2751 924 2799; x_wconf 84' lang='lat' dir='ltr'>formant</span> <span class='ocrx_word' id='word_1_176' title='bbox 959 2762 1010 2798; x_wconf 89' lang='lat' dir='ltr'>et</span> <span class='ocrx_word' id='word_1_177' title='bbox 1046 2750 1182 2799; x_wconf 86' lang='lat' dir='ltr'>color</span> <span class='ocrx_word' id='word_1_178' title='bbox 1217 2749 1336 2796; x_wconf 90' lang='lat' dir='ltr'>inde</span> <span class='ocrx_word' id='word_1_179' title='bbox 1376 2748 1530 2812; x_wconf 83' lang='lat' dir='ltr'>magis</span> <span class='ocrx_word' id='word_1_180' title='bbox 1568 2764 1768 2812; x_wconf 87' lang='lat' dir='ltr'>opacus.</span> 
     </span>
     <span class='ocr_line' id='line_1_32' title="bbox 158 2815 1767 2883; baseline -0.004 -13"><span class='ocrx_word' id='word_1_181' title='bbox 158 2822 445 2870; x_wconf 86' lang='lat' dir='ltr'>Occurrunt</span> <span class='ocrx_word' id='word_1_182' title='bbox 491 2823 637 2866; x_wconf 86' lang='lat' dir='ltr'>etiam</span> <span class='ocrx_word' id='word_1_183' title='bbox 682 2820 978 2881; x_wconf 87' lang='lat' dir='ltr'>individua,</span> <span class='ocrx_word' id='word_1_184' title='bbox 1036 2821 1090 2868; x_wconf 89' lang='lat' dir='ltr'>in</span> <span class='ocrx_word' id='word_1_185' title='bbox 1143 2819 1326 2883; x_wconf 88' lang='lat' dir='ltr'>quibus</span> <span class='ocrx_word' id='word_1_186' title='bbox 1390 2817 1566 2865; x_wconf 80' lang='lat' dir='ltr'>thorax</span> <span class='ocrx_word' id='word_1_187' title='bbox 1617 2815 1767 2882; x_wconf 87' lang='lat' dir='ltr'>paulo</span> 
     </span>
     <span class='ocr_line' id='line_1_33' title="bbox 156 2888 1770 2957; baseline -0.006 -16"><span class='ocrx_word' id='word_1_188' title='bbox 156 2891 392 2957; x_wconf 78' lang='lat' dir='ltr'>longior,</span> <span class='ocrx_word' id='word_1_189' title='bbox 454 2891 708 2954; x_wconf 84' lang='lat' dir='ltr'>angustior</span> <span class='ocrx_word' id='word_1_190' title='bbox 761 2901 810 2942; x_wconf 84' lang='lat' dir='ltr'>et</span> <span class='ocrx_word' id='word_1_191' title='bbox 863 2890 1018 2956; x_wconf 86' lang='lat' dir='ltr'>magis</span> <span class='ocrx_word' id='word_1_192' title='bbox 1069 2888 1375 2948; x_wconf 77' lang='lat' dir='ltr'>cylindricus</span> <span class='ocrx_word' id='word_1_193' title='bbox 1422 2888 1658 2944; x_wconf 85' lang='lat' dir='ltr'>videtur,</span> <span class='ocrx_word' id='word_1_194' title='bbox 1719 2897 1770 2932; x_wconf 83' lang='lat' dir='ltr'>et</span> 
     </span>
     <span class='ocr_line' id='line_1_34' title="bbox 156 2956 1771 3029; baseline -0.006 -19"><span class='ocrx_word' id='word_1_195' title='bbox 156 2957 401 3029; x_wconf 64' lang='lat' dir='ltr'>punctura</span> <span class='ocrx_word' id='word_1_196' title='bbox 455 2960 621 3009; x_wconf 86' lang='lat' dir='ltr'>minus</span> <span class='ocrx_word' id='word_1_197' title='bbox 668 2960 863 3024; x_wconf 81' lang='lat' dir='ltr'>crebra,</span> <span class='ocrx_word' id='word_1_198' title='bbox 907 2959 1044 3010; x_wconf 80' lang='lat' dir='ltr'>unde</span> <span class='ocrx_word' id='word_1_199' title='bbox 1085 2958 1349 3013; x_wconf 72' lang='lat' dir='ltr'>interstitia</span> <span class='ocrx_word' id='word_1_200' title='bbox 1395 2956 1598 3022; x_wconf 81' lang='lat' dir='ltr'>latiora,</span> <span class='ocrx_word' id='word_1_201' title='bbox 1655 2972 1771 3002; x_wconf 81' lang='lat' dir='ltr'>ma-</span> 
     </span>
    </p>
   </div>
   <div class='ocr_carea' id='block_1_10' title="bbox 1699 3024 1773 3091">
    <p class='ocr_par' dir='ltr' id='par_1_11' title="bbox 1699 3024 1773 3091">
     <span class='ocr_line' id='line_1_35' title="bbox 1699 3024 1773 3091; baseline 0.041 -21"><span class='ocrx_word' id='word_1_202' title='bbox 1699 3024 1773 3091; x_wconf 82' lang='lat' dir='ltr'>gis</span> 
     </span>
    </p>
   </div>
  </div>
 </body>
</html>
