1966 3330
150 188 219 238 lv
601 168 1255 248 PraefatiO.

153 341 348 384 novae
377 320 752 378 Insectorum
781 319 1023 395 Species
1056 320 1337 377 inventae
1367 328 1540 393 sunt,
1592 341 1745 397 quae

156 434 232 490 ad
268 429 543 488 Familias
587 430 651 484 in
686 427 984 504 prioribus
1026 427 1206 503 hujus
1227 431 1435 504 *operis
1482 430 1751 505 partibus

157 540 478 598 recensitas
515 537 850 612 pertinent,
906 556 1049 611 quas
1097 535 1332 611 itaque,
1393 545 1527 594 utut
1576 559 1610 594 a
1650 557 1749 593 me

159 646 428 706 nondum
491 645 816 720 descriptas
831 685 847 716 ,
913 645 1230 718 appendici
1276 644 1420 702 huic
1481 647 1751 702 inserere

161 756 393 814 animus
447 752 575 810 fuit.
668 752 909 809 Recens
964 753 1415 811 observatorum
1465 773 1753 830 permag-

158 883 298 922 nam
335 861 523 918 debeo
565 871 798 938 partem
837 861 1002 917 hisce
1041 861 1279 920 Domm.
1313 861 1751 938 EntomologiS,

161 972 262 1049 qui
293 989 405 1045 pro
445 989 544 1042 ea,
591 988 744 1046 quae
780 988 891 1025 nos
922 971 1238 1027 intercedit
1278 972 1569 1045 amicitia,
1618 992 1654 1027 a
1687 992 1751 1028 se

158 1081 405 1138 inventa
443 1087 501 1135 et
536 1078 846 1138 observata
887 1079 1144 1155 benigne
1190 1099 1425 1138 mecum
1469 1099 1752 1138 commu-

160 1189 468 1261 nicarunt,
512 1187 767 1246 scilicet:

306 1297 487 1355 Dom.
525 1296 588 1357 C.
625 1296 682 1354 J.
721 1297 1073 1357 Schiinlzerr
1109 1300 1174 1356 in
1213 1299 1354 1358 villa
1393 1297 1756 1376 Sparrs'a'ter,

164 1422 201 1461 a
266 1403 549 1461 Conciliis
619 1406 1135 1465 commerciorum
1162 1450 1178 1481 ,
1240 1409 1343 1484 qui
1398 1409 1755 1466 amicissime

165 1511 313 1570 mihi
350 1514 784 1590 suppeditavit,
834 1536 983 1592 quae
1027 1518 1266 1592 copiosa
1316 1517 1445 1593 ejus
1485 1517 1759 1575 collectio

166 1620 570 1695 Insectorum,
621 1626 915 1701 exquisita
942 1625 1400 1701 Entomologiae
1439 1626 1659 1702 peritia
1698 1632 1761 1681 et

169 1728 524 1790 observandi
561 1724 847 1807 acumen,
907 1735 982 1790 ad
1023 1754 1171 1810 opus
1206 1733 1325 1791 hoc
1375 1735 1756 1812 amplifican-

170 1838 314 1896 dum
357 1847 415 1895 et
457 1841 921 1917 perpoliendum
960 1845 1328 1919 suggesserit.

316 1947 492 2004 Dom.
537 1949 596 2006 C.
638 1950 715 2006 R.
753 1951 1085 2028 Scclzlberg,
1127 1947 1369 2023 Aboae,
1419 1949 1762 2005 Medicinae

174 2051 434 2129 Doctor,
480 2057 793 2115 Professor
829 2067 888 2115 et
927 2059 1160 2135 Eques,
1211 2060 1311 2135 qui
1355 2079 1389 2114 a
1429 2058 1609 2130 longo
1648 2055 1763 2111 ab—

175 2160 320 2221 hinc
357 2173 629 2243 tempore
677 2187 712 2223 a
748 2186 812 2224 se
857 2169 1101 2226 inventa
1149 2186 1388 2224 mecum
1436 2164 1763 2242 per—offi-

181 2271 338 2328 ciose
364 2276 858 2349 communicavit,
911 2279 1198 2354 cujusque
1239 2297 1272 2333 e
1304 2275 1766 2332 commentatio-

183 2380 359 2438 nibus
410 2383 484 2440 de
532 2385 777 2443 Insectis
816 2386 1128 2459 Fennicis,
1189 2385 1563 2462 quarundam
1618 2379 1772 2437 mihi

184 2488 520 2565 ignotarum
554 2495 900 2572 Specierum
961 2496 1390 2571 descriptiones
1429 2489 1772 2549 exscribere

188 2618 366 2658 ausus
419 2622 570 2661 sum.·
661 2604 792 2662 Etsi
843 2606 1084 2682 quidem
1125 2603 1445 2661 Finlandia
1503 2620 1537 2657 e
1574 2596 1774 2671 Regni

192 2707 437 2768 Sveciae
478 2713 810 2771 Provinciis
861 2733 993 2771 esse
1044 2714 1247 2787 desiit,
1310 2707 1523 2768 >meum
1571 2716 1775 2763 tamen

194 2835 324 2873 esse
364 2822 743 2895 existimavi,
778 2824 863 2880 ibi
915 2842 1126 2881 recens
1164 2823 1410 2880 inventa
1458 2832 1775 2876 recensere

194 2925 421 2985 Insecta
435 2972 458 3000 ,
501 2930 792 3007 probabili
821 2933 922 2990 illa
953 2933 1163 2998 ductus
1188 2930 1560 3007 conjectura,
1600 2923 1778 2980 hasce

1621 3034 1780 3109 Spe-
