1966 3330
242 137 369 200 416
662 135 1193 216 Appendiaeud
1231 140 1299 200 P.
1334 84 1439 201 1).

328 288 581 347 Habitat
620 287 716 344 ad'
741 285 915 344 Nord
941 321 981 330 -
1013 289 1171 367 Cap,
1223 290 1584 369 Norvegiae.
1651 295 1837 357 Dom.

411 383 710 445 Marklin.
759 382 924 440 Mus.
947 384 1125 442 Dom.
1159 387 1530 446 Schbnherr.

344 469 667 522 Praecedenti
701 467 957 517 simillima
1000 481 1050 519 et
1085 472 1234 523 nimis
1270 476 1459 537 affinis,
1518 471 1685 524 colore
1717 487 1841 525 tan-

241 554 352 592 tum
391 541 601 590 diversa.
676 538 868 604 Caput,
908 549 1181 602 antennae,
1229 543 1407 592 thorax
1447 547 1651 594 omnino
1689 558 1748 595 ut
1783 548 1839 595 in

240 612 359 673 illat,
396 609 664 682 elytrorum
701 609 886 667 forma,
936 610 1079 657 striae
1117 612 1527 678 sub-punctatae
1565 627 1614 663 et
1654 627 1838 682 puncta

229 680 370 732 -disci
404 681 586 743 majora
625 680 773 727 etiam
810 676 1079 741 simillima,
1120 681 1381 730 sed-color
1416 695 1499 731 aut
1525 683 1655 733 laete
1692 686 1841 734 rufo-¹

239 763 486 801 testaceus
533 759 620 797 aut
668 749 923 797 obscurius
960 748 1326 815 rufo-piceus,
1401 752 1564 819 Caput
1600 765 1650 802 et
1686 755 1838 820 pedes

233 833 300 871 -ut
343 823 399 871 in
451 819 628 885 priori,
693 817 873 867 sedin
918 835 976 878 a,
1025 819 1177 866 tibiae
1238 819 1561 888 ferrugineae.
1630 824 1757 875 Van
1786 825 1837 887 d,

240 889 408 958 quoad
445 890 713 937 maximam
749 898 939 952 partem
973 886 1236 952 pallidion
1261 889 1518 938 immatura
1556 893 1698 945 forte.

344 960 517 1011 Variat
554 959 703 1007 etiam
739 956 950 1005 dimidio
989 957 1183 1022 minor,
1219 957 1340 1009 alias
1376 960 1650 1016 simillima.

241 1075 304 1133 4.
350 1071 429 1129 N.
480 1069 776 1129 nivalis
819 1071 1015 1145 p.41.

333 1167 482 1227 Var.
512 1165 581 1238 b,
629 1164 958 1221 femoribus
998 1184 1179 1241 supra
1213 1165 1418 1242 piceis,

330 1263 581 1321 Habitat
606 1279 741 1317 cum
772 1280 823 1318 a.
875 1259 1041 1318 Mas,
1073 1261 1255 1319 Dom.
1288 1261 1655 1320 Sclzzjnlzerr.

240 1374 304 1434 5.
357 1370 429 1429 N'.
472 1369 817 1427 borealis
865 1388 921 1443 p.
962 1369 1067 1426 42.

223 1479 231 1486 ’
324 1459 633 1536 Peloplzila
690 1457 975 1526 boreali-5,
1043 1456 1186 1530 Dej.
1240 1458 1364 1515 Cat.
1422 1477 1479 1533 p.
1521 1477 1577 1535 7.
1665 1457 1836 1514 Man-

408 1543 667 1602 nerlzeim
712 1543 774 1599 in
814 1540 1115 1598 Hammels
1145 1542 1272 1599 Ess.
1313 1543 1445 1599 Ent.
1487 1543 1542 1598 5.
1585 1539 1680 1597 56.
1726 1560 1779 1598 1.

329 1633 466 1696 Var.
495 1635 567 1706 cl,
616 1632 840 1709 pallida
875 1631 1121 1688 thorace
1160 1633 1486 1710 elytrisque
1526 1633 1834 1692 violaceo-

405 1729 776 1786 micantibus,
830 1726 1164 1786 Mannerh.
1196 1727 1235 1786 l.
1273 1748 1321 1784 c,

321 1827 472 1886 Var.
501 1847 563 1897 e,
613 1842 795 1898 supra
822 1823 1010 1896 nigra,
1051 1822 1259 1897 elytris
1296 1805 1832 1898 nigfo—violaceiS.

319 1922 571 1980 Habitat
597 1921 662 1975 in
685 1918 1018 1992 Lapponia.
1067 1917 1233 1977 Mus,
1262 1918 1442 1976 Dom.
1461 1916 1830 1974 Sclz'dnlzerr.

337 2023 509 2073 Variat
562 2020 712 2068 etiam
757 2017 1027 2084 elytrorum
1080 2019 1214 2068 striis
1273 2019 1373 2082 jam
1423 2017 1834 2079 evidentioribus,

233 2097 333 2161 jam
371 2090 626 2142 obsoletis.

343 2163 464 2212 Obs.
512 2158 765 2208 Peculiare
799 2159 900 2222 jam
939 2158 1196 2207 constituit
1220 2156 1407 2217 Genus,
1443 2155 1482 2204 P
1501 2154 1603 2204 elo
1619 2174 1650 2221 p
1666 2153 1699 2203 h
1716 2155 1733 2202 i
1750 2153 1768 2202 l
1784 2164 1830 2215 a,'
1863 2180 1871 2182 -

232 2233 499 2302 palporum
536 2228 743 2278 articulo
779 2227 958 2276 ultimo
996 2227 1434 2293 oblongo-ovato,
1474 2227 1612 2291 apice
1642 2222 1829 2290 'parum
1916 2278 1921 2283 Α

234 2315 487 2363 truncato,
538 2312 587 2348 et
621 2300 885 2364 praecipue
920 2299 1056 2346 tibiis
1097 2297 1274 2345 anticis
1309 2294 1371 2344 ad
1407 2296 1600 2362 apicem
1632 2306 1829 2342 interne

218 2373 489 2428 excavatis
507 2409 523 2435 ,
562 2389 591 2420 a
625 2368 675 2418 N
690 2368 1246 2429 ebriisxdistinetum.
1325 2427 1329 2431 .
1532 2384 1536 2387 ’

239 2493 295 2551 6.
341 2491 419 2550 N.
468 2489 1081 2563 multipunctata
1121 2506 1180 2564 p.
1223 2485 1326 2542 44.
1373 2483 1521 2540 Pars
1569 2485 1630 2542 5.
1694 2483 1828 2540 add.

348 2609 405 2663 p.
455 2587 607 2659 692.
657 2602 780 2641 var.

317 2676 581 2733 Bletlzisa
609 2672 1090 2747 multipunctata‚
1131 2666 1269 2740 Dej.
1305 2666 1428 2723 Cat.
1450 2685 1505 2741 p.
1541 2662 1633 2723 18.

339 2770 463 2821 Obs.
510 2769 793 2833 In'adjecta
831 2765 1177 2815 observatione
1211 2761 1248 2813 l.
1285 2780 1354 2823 c.‚
1393 2761 1700 2810 differentias»
1734 2759 1826 2807 in-

211 2851 624 2891 strumentorum
674 2838 770 2887 oris
824 2836 1078 2895 indicavi,
1136 2850 1260 2898 quae
1295 2831 1619 2898 Elaphris
1667 2830 1824 2895 magis

231 2907 565 2968 concordant,
602 2907 736 2955 unde
768 2908 877 2971 jure
913 2905 1169 2972 proprium
1198 2919 1357 2969 genus
1392 2904 1690 2951 constituere
1725 2899 1826 2946 de·-

229 2981 347 3033 beat
378 2979 502 3031 haec
537 2978 759 3044 species3
795 2975 1028 3025 tibiarum
1065 2972 1336 3023 antiearum
1363 2981 1603 3023 structura
1637 2969 1737 3020 fere
1767 2977 1828 3015 ut

1769 3054 1827 3086 m
