1966 3330
671 114 1123 174 Coccinella.
1363 159 1365 162 .
1586 106 1708 207 ὥς)

269 287 467 345 neque
494 267 729 344 postico
758 265 1224 326 indeterminate
1248 263 1713 326 rubricantibuS.

270 363 533 422 Sch'o'nlz.
559 380 690 420 ναν.
715 373 770 416 κ.

188 467 520 525 Coccinella
555 465 873 537 annulata,
916 463 1090 521 Lina.
1126 465 1301 523 Fabr.
1346 465 1501 523 Oliv.

187 576 334 635 Var.
365 598 443 650 n,
488 575 709 634 thorax
735 582 803 630 ut
828 576 893 631 in
917 576 963 647 l,
995 595 1093 648 7123
1136 576 1331 650 elytra
1368 579 1569 651 potius
1610 574 1714 632 fu·-

276 692 376 731 sca
392 716 414 745 ,
475 672 653 747 plaga
688 690 905 746 magna
939 669 1273 743 humerali,
1324 673 1562 728 macula
1606 671 1719 729 sub

273 768 542 826 medium
591 785 784 842 prope
829 773 1097 822 suturam
1147 766 1383 841 aliaque
1431 768 1495 823 in
1545 768 1720 844 apice

276 861 731 922 rufescentibUS.
757 861 924 939 Elig-
951 881 1085 920 ναν.
1105 854 1185 935 193
1217 861 1481 920 Sclzbnlz.
1506 857 1723 930 ναῖκθ.

199 979 341 1040 Var.
382 1000 451 1052 0,
513 977 760 1034 omnino
802 984 871 1032 ut
921 995 1044 1033 var.
1084 998 1181 1050 m,
1230 977 1336 1033 sed
1380 980 1722 1053 signaturae

281 1095 406 1133 non
433 1073 636 1131 fuscae
666 1071 773 1128 sed
799 1071 1026 1146 nigrae,
1054 1072 1242 1148 magis
1274 1074 1722 1131 determinatae.

197 1193 258 1252 V
261 1211 344 1249 ar.
369 1210 455 1267 p,
501 1187 709 1263 elytris
734 1189 939 1263 nigriS,
988 1189 1224 1244 macula
1251 1209 1467 1265 magna
1496 1188 1724 1246 hume—

284 1286 425 1356 rali,
467 1297 694 1360 puncto
725 1303 886 1358 pone
923 1285 1188 1340 medium
1215 1285 1386 1360 juxta
1434 1293 1724 1357 suturam,

283 1382 464 1439 tertio
502 1381 736 1435 minore
779 1380 836 1435 ei
873 1381 1150 1456 opposito
1190 1383 1265 1437 ad
1294 1384 1627 1457 marginem
1663 1390 1726 1438 et

289 1483 502 1555 quarto
556 1476 621 1532 in
684 1475 853 1552 apice
911 1475 1125 1532 rubris,
1219 1477 1386 1557 Illig.
1460 1479 1726 1538 Sch'o‘tzlz.

288 1593 424 1633 ναν.
473 1589 529 1644 η.

207 1688 352 1748 Var.
396 1707 468 1765 q,
517 1684 764 1741 omnino
809 1691 878 1740 ut
917 1702 1039 1741 var.
1084 1705 1157 1762 p,
1209 1687 1315 1743 sed
1352 1688 1519 1746 deest
1558 1708 1726 1766 pun·-

292 1791 457 1839 ctum
504 1779 830 1854 marginale
874 1779 1126 1836 rubrum
1168 1785 1486 1858 posterius,
1560 1786 1729 1864 Illig.

290 1874 552 1935 Sclzbnh.
587 1874 624 1930 l.
649 1894 696 1930 ο.
738 1894 868 1932 ναν.
896 1861 946 1938 ζ.

210 1978 541 2039 Coccinella
584 1973 662 2033 6-
672 1979 1011 2054 pustulata,
1043 1979 1216 2037 Linn.
1253 1980 1427 2038 Fabr.
1467 1982 1665 2040 Rossz‘.

213 2091 355 2151 Var.
387 2109 449 2162 ν,
494 2088 737 2144 omnino
768 2096 835 2144 ut
879 2108 1002 2147 var.
1031 2113 1102 2171 q,
1160 2093 1264 2149 sed
1295 2100 1590 2170 punctum
1627 2094 1729 2149 ul-

288 2188 500 2242 timum
536 2202 824 2258 parvum,
863 2185 1020 2242 intra
1048 2189 1281 2265 apicem
1314 2191 1513 2246 situm.
1562 2188 1731 2268 Illig.

295 2278 557 2338 Sclz'dnh.
600 2279 638 2335 l.
680 2299 731 2337 c,
771 2299 903 2338 ναν.
946 2269 1004 2338 ὃ.

214 2393 362 2455 Var.
383 2395 440 2466 ’3,
491 2395 735 2450 omnino
767 2403 835 2451 ut
862 2415 984 2456 var.
1017 2418 1055 2475 q
1085 2406 1144 2454 et
1173 2418 1224 2471 ν,
1263 2398 1366 2455 sed
1392 2397 1528 2455 Ioco
1565 2394 1735 2476 pnn—

301 2492 379 2548 cti
412 2489 687 2566 apicali8‚
729 2489 941 2548 lunula
969 2502 1219 2567 angusta
1245 2494 1447 2552 rubra.

215 2605 362 2672 Var.
406 2614 463 2677 t,
511 2612 577 2661 ut
611 2623 735 2661 var.
779 2626 840 2683 q,
880 2600 1035 2680 rjs,
1078 2608 1184 2663 sed
1231 2609 1399 2665 deest
1425 2596 1739 2688 “punctum

309 2700 513 2776 apicis.
573 2699 738 2777 Illig.
772 2701 1037 2759 Sclzb'nlc.
1078 2723 1211 2760 ναν.
1253 2717 1309 2778 y.

224 2814 368 2874 Var.
403 2836 478 2886 ιι,
517 2821 584 2869 ut
608 2834 730 2872 var.
764 2826 822 2888 t,
869 2817 974 2872 sed
1000 2818 1233 2874 macula
1261 2819 1590 2879 humeralis
1627 2841 1741 2878 ru*

280 2909 412 2989 ⁷bra
441 2909 601 2966 linea
629 2910 1044 2987 longitudinali
1077 2913 1249 2990 nigra
1274 2917 1338 2973 in
1367 2918 1513 2975 duas
1546 2918 1749 2974 divisa.

1610 3009 1754 3069 Var,
