<?xml version="1.0" encoding="UTF-8"?>
<!DOCTYPE html PUBLIC "-//W3C//DTD XHTML 1.0 Transitional//EN"
    "http://www.w3.org/TR/xhtml1/DTD/xhtml1-transitional.dtd">
<html xmlns="http://www.w3.org/1999/xhtml" xml:lang="en" lang="en">
 <head>
  <title>
</title>
<meta http-equiv="Content-Type" content="text/html;charset=utf-8" />
  <meta name='ocr-system' content='tesseract 3.04.00' />
  <meta name='ocr-capabilities' content='ocr_page ocr_carea ocr_par ocr_line ocrx_word'/>
</head>
<body>
  <div class='ocr_page' id='page_1' title='image "./insectasvecicade14gyll_0115.png"; bbox 0 0 1966 3330; ppageno 0'>
   <div class='ocr_carea' id='block_1_1' title="bbox 794 148 1768 229">
    <p class='ocr_par' dir='ltr' id='par_1_1' title="bbox 794 148 1768 229">
     <span class='ocr_line' id='line_1_1' title="bbox 794 148 1768 229; baseline 0.001 -24"><span class='ocrx_word' id='word_1_1' title='bbox 794 148 1133 223; x_wconf 76' lang='lat' dir='ltr'>Clytus.</span> <span class='ocrx_word' id='word_1_2' title='bbox 1685 167 1768 229; x_wconf 75' lang='lat'>99</span> 
     </span>
    </p>
   </div>
   <div class='ocr_carea' id='block_1_2' title="bbox 144 290 1770 1194">
    <p class='ocr_par' dir='ltr' id='par_1_2' title="bbox 147 290 1769 848">
     <span class='ocr_line' id='line_1_2' title="bbox 151 290 1762 357; baseline -0.003 -10"><span class='ocrx_word' id='word_1_3' title='bbox 151 300 220 347; x_wconf 83' lang='lat' dir='ltr'>cis</span> <span class='ocrx_word' id='word_1_4' title='bbox 254 297 306 345; x_wconf 90' lang='lat' dir='ltr'>in</span> <span class='ocrx_word' id='word_1_5' title='bbox 346 292 514 343; x_wconf 86' lang='lat' dir='ltr'>medio</span> <span class='ocrx_word' id='word_1_6' title='bbox 562 290 665 340; x_wconf 84' lang='lat' dir='ltr'>late</span> <span class='ocrx_word' id='word_1_7' title='bbox 713 290 1026 357; x_wconf 83' lang='lat' dir='ltr'>interrupta,</span> <span class='ocrx_word' id='word_1_8' title='bbox 1083 307 1133 342; x_wconf 88' lang='lat' dir='ltr'>et</span> <span class='ocrx_word' id='word_1_9' title='bbox 1180 290 1294 341; x_wconf 86' lang='lat' dir='ltr'>loco</span> <span class='ocrx_word' id='word_1_10' title='bbox 1337 290 1515 341; x_wconf 78' lang='lat' dir='ltr'>fasciae</span> <span class='ocrx_word' id='word_1_11' title='bbox 1568 292 1762 354; x_wconf 84' lang='lat' dir='ltr'>baseos,</span> 
     </span>
     <span class='ocr_line' id='line_1_3' title="bbox 150 361 1762 430; baseline -0.003 -14.949"><span class='ocrx_word' id='word_1_12' title='bbox 150 364 342 417; x_wconf 84' lang='lat' dir='ltr'>macula</span> <span class='ocrx_word' id='word_1_13' title='bbox 378 374 575 411; x_wconf 83' lang='lat' dir='ltr'>tantum</span> <span class='ocrx_word' id='word_1_14' title='bbox 613 363 748 410; x_wconf 84' lang='lat' dir='ltr'>flava</span> <span class='ocrx_word' id='word_1_15' title='bbox 773 363 1027 426; x_wconf 82' lang='lat' dir='ltr'>utrinque.</span> <span class='ocrx_word' id='word_1_16' title='bbox 1102 361 1384 411; x_wconf 78' lang='lat' dir='ltr'>Scutellum</span> <span class='ocrx_word' id='word_1_17' title='bbox 1412 374 1469 412; x_wconf 86' lang='lat' dir='ltr'>ut</span> <span class='ocrx_word' id='word_1_18' title='bbox 1501 364 1554 412; x_wconf 85' lang='lat' dir='ltr'>in</span> <span class='ocrx_word' id='word_1_19' title='bbox 1592 365 1762 430; x_wconf 68' lang='lat' dir='ltr'>prior-,i</span> 
     </span>
     <span class='ocr_line' id='line_1_4' title="bbox 149 430 1769 500; baseline -0.001 -14"><span class='ocrx_word' id='word_1_20' title='bbox 149 437 439 500; x_wconf 74' lang='lat' dir='ltr'>Elytiorum</span> <span class='ocrx_word' id='word_1_21' title='bbox 477 433 636 480; x_wconf 78' lang='lat' dir='ltr'>forma</span> <span class='ocrx_word' id='word_1_22' title='bbox 674 430 877 490; x_wconf 86' lang='lat' dir='ltr'>eadem,</span> <span class='ocrx_word' id='word_1_23' title='bbox 929 430 1016 479; x_wconf 87' lang='lat' dir='ltr'>sed</span> <span class='ocrx_word' id='word_1_24' title='bbox 1074 431 1250 479; x_wconf 81' lang='lat' dir='ltr'>fasciae</span> <span class='ocrx_word' id='word_1_25' title='bbox 1301 434 1626 483; x_wconf 81' lang='lat' dir='ltr'>intermediae</span> <span class='ocrx_word' id='word_1_26' title='bbox 1673 436 1769 484; x_wconf 79' lang='lat' dir='ltr'>ssa·-</span> 
     </span>
     <span class='ocr_line' id='line_1_5' title="bbox 150 499 1767 566; baseline -0.002 -13"><span class='ocrx_word' id='word_1_27' title='bbox 150 525 246 556; x_wconf 83' lang='lat' dir='ltr'>vae</span> <span class='ocrx_word' id='word_1_28' title='bbox 296 503 440 552; x_wconf 85' lang='lat' dir='ltr'>aliter</span> <span class='ocrx_word' id='word_1_29' title='bbox 491 512 834 563; x_wconf 79' lang='lat' dir='ltr'>constructae3</span> <span class='ocrx_word' id='word_1_30' title='bbox 887 499 1107 549; x_wconf 85' lang='lat' dir='ltr'>secunda</span> <span class='ocrx_word' id='word_1_31' title='bbox 1159 518 1341 566; x_wconf 86' lang='lat' dir='ltr'>nempe</span> <span class='ocrx_word' id='word_1_32' title='bbox 1383 503 1446 550; x_wconf 85' lang='lat' dir='ltr'>ad</span> <span class='ocrx_word' id='word_1_33' title='bbox 1493 503 1767 553; x_wconf 88' lang='lat' dir='ltr'>scutellum</span> 
     </span>
     <span class='ocr_line' id='line_1_6' title="bbox 148 571 1768 640; baseline -0.001 -16"><span class='ocrx_word' id='word_1_34' title='bbox 148 593 310 640; x_wconf 87' lang='lat' dir='ltr'>usque</span> <span class='ocrx_word' id='word_1_35' title='bbox 347 574 586 621; x_wconf 79' lang='lat' dir='ltr'>arcuatim</span> <span class='ocrx_word' id='word_1_36' title='bbox 626 572 870 638; x_wconf 80' lang='lat' dir='ltr'>assurgit,</span> <span class='ocrx_word' id='word_1_37' title='bbox 921 571 1095 635; x_wconf 85' lang='lat' dir='ltr'><strong>ibique</strong></span> <span class='ocrx_word' id='word_1_38' title='bbox 1133 588 1280 635; x_wconf 83' lang='lat' dir='ltr'>saepe</span> <span class='ocrx_word' id='word_1_39' title='bbox 1328 571 1536 623; x_wconf 84' lang='lat' dir='ltr'>dilatata</span> <span class='ocrx_word' id='word_1_40' title='bbox 1570 574 1633 623; x_wconf 88' lang='lat' dir='ltr'>ad</span> <span class='ocrx_word' id='word_1_41' title='bbox 1669 575 1768 623; x_wconf 81' lang='lat' dir='ltr'>ba—</span> 
     </span>
     <span class='ocr_line' id='line_1_7' title="bbox 147 640 1768 723; baseline 0 -29"><span class='ocrx_word' id='word_1_42' title='bbox 147 648 226 695; x_wconf 87' lang='lat' dir='ltr'>sin</span> <span class='ocrx_word' id='word_1_43' title='bbox 263 662 423 723; x_wconf 82' lang='lat' dir='ltr'>usque</span> <span class='ocrx_word' id='word_1_44' title='bbox 457 642 733 706; x_wconf 66' lang='lat' dir='ltr'>ely-trorum</span> <span class='ocrx_word' id='word_1_45' title='bbox 771 641 1088 703; x_wconf 83' lang='lat' dir='ltr'>extenditur3</span> <span class='ocrx_word' id='word_1_46' title='bbox 1126 640 1274 688; x_wconf 77' lang='lat' dir='ltr'>fascia</span> <span class='ocrx_word' id='word_1_47' title='bbox 1313 644 1456 689; x_wconf 81' lang='lat' dir='ltr'>tertia</span> <span class='ocrx_word' id='word_1_48' title='bbox 1491 646 1768 711; x_wconf 83' lang='lat' dir='ltr'>angustior,</span> 
     </span>
     <span class='ocr_line' id='line_1_8' title="bbox 147 711 1768 782; baseline -0.001 -20"><span class='ocrx_word' id='word_1_49' title='bbox 147 716 436 782; x_wconf 86' lang='lat' dir='ltr'>praesertim</span> <span class='ocrx_word' id='word_1_50' title='bbox 484 714 538 760; x_wconf 90' lang='lat' dir='ltr'>in</span> <span class='ocrx_word' id='word_1_51' title='bbox 589 711 854 771; x_wconf 83' lang='lat' dir='ltr'>masculis,</span> <span class='ocrx_word' id='word_1_52' title='bbox 906 712 1176 775; x_wconf 87' lang='lat' dir='ltr'>minusque</span> <span class='ocrx_word' id='word_1_53' title='bbox 1215 722 1409 773; x_wconf 74' lang='lat' dir='ltr'>arcuata</span> <span class='ocrx_word' id='word_1_54' title='bbox 1447 712 1508 760; x_wconf 87' lang='lat' dir='ltr'>ad</span> <span class='ocrx_word' id='word_1_55' title='bbox 1543 726 1768 765; x_wconf 83' lang='lat' dir='ltr'>suturam</span> 
     </span>
     <span class='ocr_line' id='line_1_9' title="bbox 149 781 1587 848; baseline -0.003 -12"><span class='ocrx_word' id='word_1_56' title='bbox 149 782 387 835; x_wconf 86' lang='lat' dir='ltr'>nonnihil</span> <span class='ocrx_word' id='word_1_57' title='bbox 425 782 643 831; x_wconf 87' lang='lat' dir='ltr'>dilatata.</span> <span class='ocrx_word' id='word_1_58' title='bbox 717 781 910 848; x_wconf 87' lang='lat' dir='ltr'>Corpus</span> <span class='ocrx_word' id='word_1_59' title='bbox 951 793 1000 831; x_wconf 92' lang='lat' dir='ltr'>et</span> <span class='ocrx_word' id='word_1_60' title='bbox 1034 781 1190 847; x_wconf 86' lang='lat' dir='ltr'>pedes</span> <span class='ocrx_word' id='word_1_61' title='bbox 1231 792 1288 828; x_wconf 90' lang='lat' dir='ltr'>ut</span> <span class='ocrx_word' id='word_1_62' title='bbox 1324 781 1377 828; x_wconf 91' lang='lat' dir='ltr'>in</span> <span class='ocrx_word' id='word_1_63' title='bbox 1415 785 1587 846; x_wconf 82' lang='lat' dir='ltr'>priori.</span> 
     </span>
    </p>

    <p class='ocr_par' dir='ltr' id='par_1_3' title="bbox 144 852 1770 1194">
     <span class='ocr_line' id='line_1_10' title="bbox 259 852 1768 919; baseline 0.001 -16"><span class='ocrx_word' id='word_1_64' title='bbox 259 854 384 905; x_wconf 86' lang='lat' dir='ltr'>Obs.</span> <span class='ocrx_word' id='word_1_65' title='bbox 447 854 715 919; x_wconf 88' lang='lat' dir='ltr'>Specimen</span> <span class='ocrx_word' id='word_1_66' title='bbox 780 854 971 915; x_wconf 83' lang='lat' dir='ltr'>majus,</span> <span class='ocrx_word' id='word_1_67' title='bbox 1031 852 1340 913; x_wconf 81' lang='lat' dir='ltr'>femineum,</span> <span class='ocrx_word' id='word_1_68' title='bbox 1411 869 1439 898; x_wconf 90' lang='lat' dir='ltr'>e</span> <span class='ocrx_word' id='word_1_69' title='bbox 1503 852 1768 904; x_wconf 83' lang='lat' dir='ltr'>Germania</span> 
     </span>
     <span class='ocr_line' id='line_1_11' title="bbox 148 919 1768 989; baseline -0.001 -14"><span class='ocrx_word' id='word_1_70' title='bbox 148 926 385 987; x_wconf 82' lang='lat' dir='ltr'>missum,</span> <span class='ocrx_word' id='word_1_71' title='bbox 446 924 501 971; x_wconf 90' lang='lat' dir='ltr'>in</span> <span class='ocrx_word' id='word_1_72' title='bbox 562 923 726 971; x_wconf 78' lang='lat' dir='ltr'>fronte</span> <span class='ocrx_word' id='word_1_73' title='bbox 784 926 911 989; x_wconf 80' lang='lat' dir='ltr'>gerit</span> <span class='ocrx_word' id='word_1_74' title='bbox 969 921 1127 971; x_wconf 86' lang='lat' dir='ltr'>lineas</span> <span class='ocrx_word' id='word_1_75' title='bbox 1180 920 1304 970; x_wconf 85' lang='lat' dir='ltr'>duas</span> <span class='ocrx_word' id='word_1_76' title='bbox 1353 919 1768 988; x_wconf 86' lang='lat' dir='ltr'>longitudinales,</span> 
     </span>
     <span class='ocr_line' id='line_1_12' title="bbox 153 991 1770 1059; baseline -0.001 -14"><span class='ocrx_word' id='word_1_77' title='bbox 153 997 397 1050; x_wconf 75' lang='lat' dir='ltr'>elevatas,</span> <span class='ocrx_word' id='word_1_78' title='bbox 439 995 678 1058; x_wconf 86' lang='lat' dir='ltr'>utrinque</span> <span class='ocrx_word' id='word_1_79' title='bbox 716 994 1069 1052; x_wconf 83' lang='lat' dir='ltr'>conniventes,</span> <span class='ocrx_word' id='word_1_80' title='bbox 1108 991 1240 1039; x_wconf 87' lang='lat' dir='ltr'>linea</span> <span class='ocrx_word' id='word_1_81' title='bbox 1279 993 1412 1040; x_wconf 74' lang='lat' dir='ltr'>flava</span> <span class='ocrx_word' id='word_1_82' title='bbox 1449 992 1611 1059; x_wconf 83' lang='lat' dir='ltr'>pilosa</span> <span class='ocrx_word' id='word_1_83' title='bbox 1650 997 1770 1043; x_wconf 90' lang='lat' dir='ltr'>cin—</span> 
     </span>
     <span class='ocr_line' id='line_1_13' title="bbox 147 1061 1769 1129; baseline -0.001 -13"><span class='ocrx_word' id='word_1_84' title='bbox 147 1079 279 1129; x_wconf 68' lang='lat' dir='ltr'>ctas,</span> <span class='ocrx_word' id='word_1_85' title='bbox 324 1064 595 1113; x_wconf 77' lang='lat' dir='ltr'>individua</span> <span class='ocrx_word' id='word_1_86' title='bbox 642 1080 799 1129; x_wconf 88' lang='lat' dir='ltr'>parva</span> <span class='ocrx_word' id='word_1_87' title='bbox 845 1061 1153 1124; x_wconf 80' lang='lat' dir='ltr'>masculina,</span> <span class='ocrx_word' id='word_1_88' title='bbox 1207 1063 1359 1111; x_wconf 82' lang='lat' dir='ltr'>etiam</span> <span class='ocrx_word' id='word_1_89' title='bbox 1407 1080 1434 1111; x_wconf 88' lang='lat' dir='ltr'>e</span> <span class='ocrx_word' id='word_1_90' title='bbox 1486 1063 1769 1128; x_wconf 80' lang='lat' dir='ltr'>Germania,</span> 
     </span>
     <span class='ocr_line' id='line_1_14' title="bbox 144 1131 1120 1194; baseline -0.007 -7"><span class='ocrx_word' id='word_1_91' title='bbox 144 1139 238 1187; x_wconf 80' lang='lat' dir='ltr'>sub</span> <span class='ocrx_word' id='word_1_92' title='bbox 281 1137 485 1184; x_wconf 88' lang='lat' dir='ltr'>nomine</span> <span class='ocrx_word' id='word_1_93' title='bbox 527 1131 618 1181; x_wconf 88' lang='lat' dir='ltr'>Cl.</span> <span class='ocrx_word' id='word_1_94' title='bbox 655 1133 915 1194; x_wconf 88' lang='lat' dir='ltr'>tenuis,</span> <span class='ocrx_word' id='word_1_95' title='bbox 959 1133 1120 1182; x_wconf 82' lang='lat' dir='ltr'>missa.</span> 
     </span>
    </p>
   </div>
   <div class='ocr_carea' id='block_1_3' title="bbox 149 1255 1768 1837">
    <p class='ocr_par' dir='ltr' id='par_1_4' title="bbox 149 1255 1768 1837">
     <span class='ocr_line' id='line_1_15' title="bbox 149 1255 1768 1334; baseline 0 -17"><span class='ocrx_word' id='word_1_96' title='bbox 149 1261 206 1317; x_wconf 88' lang='grc'>6.</span> <span class='ocrx_word' id='word_1_97' title='bbox 259 1259 324 1316; x_wconf 89' lang='lat' dir='ltr'>C.</span> <span class='ocrx_word' id='word_1_98' title='bbox 374 1256 783 1334; x_wconf 77' lang='lat' dir='ltr'>plebejus:</span> <span class='ocrx_word' id='word_1_99' title='bbox 852 1257 1056 1331; x_wconf 83' lang='lat' dir='ltr'>niger,</span> <span class='ocrx_word' id='word_1_100' title='bbox 1125 1255 1455 1329; x_wconf 78' lang='lat' dir='ltr'>obscuruS,</span> <span class='ocrx_word' id='word_1_101' title='bbox 1518 1256 1768 1318; x_wconf 82' lang='lat' dir='ltr'>thorace</span> 
     </span>
     <span class='ocr_line' id='line_1_16' title="bbox 266 1352 1765 1429; baseline 0.001 -19"><span class='ocrx_word' id='word_1_102' title='bbox 266 1354 561 1428; x_wconf 81' lang='lat' dir='ltr'>oblongO,</span> <span class='ocrx_word' id='word_1_103' title='bbox 619 1352 1044 1425; x_wconf 75' lang='lat' dir='ltr'>immaculate,</span> <span class='ocrx_word' id='word_1_104' title='bbox 1099 1353 1310 1429; x_wconf 74' lang='lat' dir='ltr'>elytris</span> <span class='ocrx_word' id='word_1_105' title='bbox 1359 1353 1596 1411; x_wconf 88' lang='lat' dir='ltr'>macula</span> <span class='ocrx_word' id='word_1_106' title='bbox 1638 1355 1765 1412; x_wconf 84' lang='lat' dir='ltr'>hu-</span> 
     </span>
     <span class='ocr_line' id='line_1_17' title="bbox 268 1448 1768 1527; baseline 0.003 -23"><span class='ocrx_word' id='word_1_107' title='bbox 268 1450 482 1505; x_wconf 86' lang='lat' dir='ltr'>merali</span> <span class='ocrx_word' id='word_1_108' title='bbox 497 1493 519 1520; x_wconf 88' lang='lat'>,</span> <span class='ocrx_word' id='word_1_109' title='bbox 573 1449 756 1505; x_wconf 75' lang='lat' dir='ltr'>litura</span> <span class='ocrx_word' id='word_1_110' title='bbox 789 1457 1032 1504; x_wconf 85' lang='lat' dir='ltr'>arcuata</span> <span class='ocrx_word' id='word_1_111' title='bbox 1062 1448 1386 1505; x_wconf 86' lang='lat' dir='ltr'>scutellum</span> <span class='ocrx_word' id='word_1_112' title='bbox 1419 1452 1768 1527; x_wconf 69' lang='lat' dir='ltr'>attingente,</span> 
     </span>
     <span class='ocr_line' id='line_1_18' title="bbox 267 1544 1672 1624; baseline 0.004 -22"><span class='ocrx_word' id='word_1_113' title='bbox 267 1545 449 1602; x_wconf 84' lang='lat' dir='ltr'>fascia</span> <span class='ocrx_word' id='word_1_114' title='bbox 476 1546 813 1620; x_wconf 86' lang='lat' dir='ltr'>posteriore</span> <span class='ocrx_word' id='word_1_115' title='bbox 851 1547 1144 1620; x_wconf 81' lang='lat' dir='ltr'>apiceque</span> <span class='ocrx_word' id='word_1_116' title='bbox 1172 1544 1672 1624; x_wconf 70' lang='lat' dir='ltr'>albicio-pilosis-</span> 
     </span>
     <span class='ocr_line' id='line_1_19' title="bbox 234 1650 1297 1733; baseline -0.003 -20"><span class='ocrx_word' id='word_1_117' title='bbox 234 1655 409 1714; x_wconf 77' lang='lat' dir='ltr'>Fabr.</span> <span class='ocrx_word' id='word_1_118' title='bbox 453 1655 703 1715; x_wconf 75' lang='lat' dir='ltr'>Sclzo&#39;nlz.</span> <span class='ocrx_word' id='word_1_119' title='bbox 743 1654 870 1733; x_wconf 70' lang='lat' dir='ltr'>Syn.</span> <span class='ocrx_word' id='word_1_120' title='bbox 911 1655 965 1710; x_wconf 85' lang='lat'>5.</span> <span class='ocrx_word' id='word_1_121' title='bbox 1005 1650 1146 1715; x_wconf 79' lang='grc'><strong>466.</strong></span> <span class='ocrx_word' id='word_1_122' title='bbox 1200 1672 1297 1711; x_wconf 86' lang='lat'>21.</span> 
     </span>
     <span class='ocr_line' id='line_1_20' title="bbox 229 1758 1529 1837; baseline -0.001 -21"><span class='ocrx_word' id='word_1_123' title='bbox 229 1761 545 1816; x_wconf 70' lang='lat' dir='ltr'>Calliclium</span> <span class='ocrx_word' id='word_1_124' title='bbox 576 1759 908 1837; x_wconf 79' lang='lat' dir='ltr'>plebejum,</span> <span class='ocrx_word' id='word_1_125' title='bbox 947 1759 1101 1816; x_wconf 78' lang='lat' dir='ltr'>Oliv.</span> <span class='ocrx_word' id='word_1_126' title='bbox 1137 1758 1311 1836; x_wconf 73' lang='lat' dir='ltr'>Payk.</span> <span class='ocrx_word' id='word_1_127' title='bbox 1351 1761 1529 1816; x_wconf 77' lang='lat' dir='ltr'>Panz.</span> 
     </span>
    </p>
   </div>
   <div class='ocr_carea' id='block_1_4' title="bbox 227 1869 1767 1943">
    <p class='ocr_par' dir='ltr' id='par_1_5' title="bbox 227 1869 1767 1943">
     <span class='ocr_line' id='line_1_21' title="bbox 227 1869 1767 1943; baseline -0.003 -13"><span class='ocrx_word' id='word_1_128' title='bbox 227 1870 480 1930; x_wconf 81' lang='lat' dir='ltr'>Habitat</span> <span class='ocrx_word' id='word_1_129' title='bbox 507 1872 567 1926; x_wconf 89' lang='lat' dir='ltr'>in</span> <span class='ocrx_word' id='word_1_130' title='bbox 590 1872 804 1927; x_wconf 88' lang='lat' dir='ltr'>Suecia</span> <span class='ocrx_word' id='word_1_131' title='bbox 827 1871 1211 1928; x_wconf 85' lang='lat' dir='ltr'>meridionali</span> <span class='ocrx_word' id='word_1_132' title='bbox 1238 1871 1559 1943; x_wconf 85' lang='lat' dir='ltr'>rarissime,</span> <span class='ocrx_word' id='word_1_133' title='bbox 1584 1869 1767 1928; x_wconf 88' lang='lat' dir='ltr'>Dom.</span> 
     </span>
    </p>
   </div>
   <div class='ocr_carea' id='block_1_5' title="bbox 311 1966 735 2045">
    <p class='ocr_par' dir='ltr' id='par_1_6' title="bbox 311 1966 735 2045">
     <span class='ocr_line' id='line_1_22' title="bbox 311 1966 735 2045; baseline -0.005 -21"><span class='ocrx_word' id='word_1_134' title='bbox 311 1969 387 2024; x_wconf 81' lang='lat' dir='ltr'>de</span> <span class='ocrx_word' id='word_1_135' title='bbox 428 1966 735 2045; x_wconf 75' lang='lat' dir='ltr'>Paykzcll.-</span> 
     </span>
    </p>
   </div>
   <div class='ocr_carea' id='block_1_6' title="bbox 136 2077 1769 2986">
    <p class='ocr_par' dir='ltr' id='par_1_7' title="bbox 136 2077 1769 2986">
     <span class='ocr_line' id='line_1_23' title="bbox 247 2077 1768 2145; baseline -0.001 -15"><span class='ocrx_word' id='word_1_136' title='bbox 247 2080 536 2130; x_wconf 80' lang='lat' dir='ltr'>Individuis</span> <span class='ocrx_word' id='word_1_137' title='bbox 576 2080 852 2130; x_wconf 86' lang='lat' dir='ltr'>minoribus</span> <span class='ocrx_word' id='word_1_138' title='bbox 880 2077 1171 2129; x_wconf 76' lang='lat' dir='ltr'>masculinis</span> <span class='ocrx_word' id='word_1_139' title='bbox 1213 2079 1269 2130; x_wconf 87' lang='lat' dir='ltr'>C.</span> <span class='ocrx_word' id='word_1_140' title='bbox 1309 2080 1546 2129; x_wconf 85' lang='lat' dir='ltr'>arietis</span> <span class='ocrx_word' id='word_1_141' title='bbox 1583 2097 1768 2145; x_wconf 84' lang='lat' dir='ltr'>aequa-</span> 
     </span>
     <span class='ocr_line' id='line_1_24' title="bbox 139 2148 1767 2215; baseline -0.002 -13"><span class='ocrx_word' id='word_1_142' title='bbox 139 2152 204 2203; x_wconf 86' lang='lat' dir='ltr'>lis</span> <span class='ocrx_word' id='word_1_143' title='bbox 241 2163 292 2200; x_wconf 82' lang='lat' dir='ltr'>et</span> <span class='ocrx_word' id='word_1_144' title='bbox 329 2163 513 2199; x_wconf 90' lang='lat' dir='ltr'>statura</span> <span class='ocrx_word' id='word_1_145' title='bbox 550 2149 762 2212; x_wconf 81' lang='lat' dir='ltr'>similis3</span> <span class='ocrx_word' id='word_1_146' title='bbox 815 2152 1099 2215; x_wconf 83' lang='lat' dir='ltr'>signaturae</span> <span class='ocrx_word' id='word_1_147' title='bbox 1137 2148 1408 2215; x_wconf 87' lang='lat' dir='ltr'>elytrorum</span> <span class='ocrx_word' id='word_1_148' title='bbox 1460 2150 1558 2198; x_wconf 87' lang='lat' dir='ltr'>fere</span> <span class='ocrx_word' id='word_1_149' title='bbox 1607 2161 1665 2198; x_wconf 90' lang='lat' dir='ltr'>ut</span> <span class='ocrx_word' id='word_1_150' title='bbox 1711 2152 1767 2199; x_wconf 86' lang='lat' dir='ltr'>in</span> 
     </span>
     <span class='ocr_line' id='line_1_25' title="bbox 142 2220 1768 2287; baseline -0.001 -16"><span class='ocrx_word' id='word_1_151' title='bbox 142 2223 200 2273; x_wconf 86' lang='lat' dir='ltr'>C.</span> <span class='ocrx_word' id='word_1_152' title='bbox 240 2220 576 2287; x_wconf 87' lang='lat' dir='ltr'>antilope,</span> <span class='ocrx_word' id='word_1_153' title='bbox 614 2220 780 2270; x_wconf 86' lang='lat' dir='ltr'>colore</span> <span class='ocrx_word' id='word_1_154' title='bbox 819 2233 1053 2287; x_wconf 84' lang='lat' dir='ltr'>excepto.</span> <span class='ocrx_word' id='word_1_155' title='bbox 1131 2220 1297 2287; x_wconf 87' lang='lat' dir='ltr'>Caput</span> <span class='ocrx_word' id='word_1_156' title='bbox 1324 2220 1648 2269; x_wconf 88' lang='lat' dir='ltr'>rotundatum</span> <span class='ocrx_word' id='word_1_157' title='bbox 1677 2221 1768 2269; x_wconf 87' lang='lat' dir='ltr'>ni—</span> 
     </span>
     <span class='ocr_line' id='line_1_26' title="bbox 140 2290 1769 2360; baseline -0.001 -20"><span class='ocrx_word' id='word_1_158' title='bbox 140 2310 313 2360; x_wconf 84' lang='lat' dir='ltr'>grum,</span> <span class='ocrx_word' id='word_1_159' title='bbox 351 2293 514 2339; x_wconf 83' lang='lat' dir='ltr'>crebre</span> <span class='ocrx_word' id='word_1_160' title='bbox 553 2290 942 2357; x_wconf 88' lang='lat' dir='ltr'>punctulatum,</span> <span class='ocrx_word' id='word_1_161' title='bbox 989 2302 1145 2339; x_wconf 84' lang='lat' dir='ltr'>tenue</span> <span class='ocrx_word' id='word_1_162' title='bbox 1183 2292 1495 2357; x_wconf 84' lang='lat' dir='ltr'>pubescens,</span> <span class='ocrx_word' id='word_1_163' title='bbox 1550 2307 1634 2343; x_wconf 76' lang='lat' dir='ltr'>‚ore</span> <span class='ocrx_word' id='word_1_164' title='bbox 1673 2292 1769 2356; x_wconf 82' lang='lat' dir='ltr'>pi·-</span> 
     </span>
     <span class='ocr_line' id='line_1_27' title="bbox 142 2360 1768 2428; baseline -0.001 -18"><span class='ocrx_word' id='word_1_165' title='bbox 142 2380 270 2423; x_wconf 81' lang='lat' dir='ltr'>ceo3</span> <span class='ocrx_word' id='word_1_166' title='bbox 309 2360 443 2410; x_wconf 88' lang='lat' dir='ltr'>oculi</span> <span class='ocrx_word' id='word_1_167' title='bbox 480 2363 726 2422; x_wconf 90' lang='lat' dir='ltr'>brunnei,</span> <span class='ocrx_word' id='word_1_168' title='bbox 765 2380 941 2428; x_wconf 85' lang='lat' dir='ltr'>parum</span> <span class='ocrx_word' id='word_1_169' title='bbox 981 2362 1295 2428; x_wconf 83' lang='lat' dir='ltr'>emarginati.</span> <span class='ocrx_word' id='word_1_170' title='bbox 1368 2360 1638 2409; x_wconf 87' lang='lat' dir='ltr'>Antennae</span> <span class='ocrx_word' id='word_1_171' title='bbox 1677 2361 1768 2409; x_wconf 46' lang='lat' dir='ltr'>di*-</span> 
     </span>
     <span class='ocr_line' id='line_1_28' title="bbox 139 2429 1759 2498; baseline -0.002 -17"><span class='ocrx_word' id='word_1_172' title='bbox 139 2432 298 2481; x_wconf 85' lang='lat' dir='ltr'>midio</span> <span class='ocrx_word' id='word_1_173' title='bbox 339 2450 545 2498; x_wconf 88' lang='lat' dir='ltr'>corpore</span> <span class='ocrx_word' id='word_1_174' title='bbox 585 2450 759 2497; x_wconf 83' lang='lat' dir='ltr'>parum</span> <span class='ocrx_word' id='word_1_175' title='bbox 793 2431 1075 2497; x_wconf 78' lang='lat' dir='ltr'>longiores,</span> <span class='ocrx_word' id='word_1_176' title='bbox 1132 2433 1325 2497; x_wconf 84' lang='lat' dir='ltr'>nigrae,</span> <span class='ocrx_word' id='word_1_177' title='bbox 1379 2431 1523 2496; x_wconf 84' lang='lat' dir='ltr'>apice</span> <span class='ocrx_word' id='word_1_178' title='bbox 1576 2429 1759 2479; x_wconf 89' lang='lat' dir='ltr'>fuscae.</span> 
     </span>
     <span class='ocr_line' id='line_1_29' title="bbox 143 2501 1764 2568; baseline -0.001 -18"><span class='ocrx_word' id='word_1_179' title='bbox 143 2502 353 2550; x_wconf 83' lang='lat' dir='ltr'>Thorax</span> <span class='ocrx_word' id='word_1_180' title='bbox 407 2501 679 2550; x_wconf 86' lang='lat' dir='ltr'>latitudine</span> <span class='ocrx_word' id='word_1_181' title='bbox 726 2501 953 2568; x_wconf 83' lang='lat' dir='ltr'>longior,</span> <span class='ocrx_word' id='word_1_182' title='bbox 1020 2502 1128 2553; x_wconf 76' lang='lat' dir='ltr'>basi</span> <span class='ocrx_word' id='word_1_183' title='bbox 1189 2504 1436 2567; x_wconf 82' lang='lat' dir='ltr'>apiceque</span> <span class='ocrx_word' id='word_1_184' title='bbox 1485 2510 1764 2563; x_wconf 79' lang='lat' dir='ltr'>truncatus,</span> 
     </span>
     <span class='ocr_line' id='line_1_30' title="bbox 138 2569 1763 2639; baseline -0.001 -19"><span class='ocrx_word' id='word_1_185' title='bbox 138 2582 349 2638; x_wconf 82' lang='lat' dir='ltr'>anguste</span> <span class='ocrx_word' id='word_1_186' title='bbox 388 2574 615 2620; x_wconf 84' lang='lat' dir='ltr'>reflexo·</span> <span class='ocrx_word' id='word_1_187' title='bbox 632 2573 960 2639; x_wconf 74' lang='lat' dir='ltr'>marginattls,</span> <span class='ocrx_word' id='word_1_188' title='bbox 1002 2569 1252 2620; x_wconf 86' lang='lat' dir='ltr'>lateribus</span> <span class='ocrx_word' id='word_1_189' title='bbox 1287 2569 1617 2633; x_wconf 73' lang='lat' dir='ltr'>rotundatas,</span> <span class='ocrx_word' id='word_1_190' title='bbox 1667 2588 1763 2619; x_wconf 87' lang='lat' dir='ltr'>su-</span> 
     </span>
     <span class='ocr_line' id='line_1_31' title="bbox 137 2637 1764 2709; baseline 0.001 -20"><span class='ocrx_word' id='word_1_191' title='bbox 137 2661 225 2708; x_wconf 85' lang='lat' dir='ltr'>pra</span> <span class='ocrx_word' id='word_1_192' title='bbox 265 2640 416 2691; x_wconf 85' lang='lat' dir='ltr'>valde</span> <span class='ocrx_word' id='word_1_193' title='bbox 464 2660 755 2704; x_wconf 86' lang='lat' dir='ltr'>convexus,</span> <span class='ocrx_word' id='word_1_194' title='bbox 809 2641 1137 2709; x_wconf 84' lang='lat' dir='ltr'>pulvinatus,</span> <span class='ocrx_word' id='word_1_195' title='bbox 1190 2639 1439 2694; x_wconf 79' lang='lat' dir='ltr'>subtiliter</span> <span class='ocrx_word' id='word_1_196' title='bbox 1486 2637 1764 2708; x_wconf 74' lang='lat' dir='ltr'>ruguloso-</span> 
     </span>
     <span class='ocr_line' id='line_1_32' title="bbox 136 2709 1765 2779; baseline 0.001 -21"><span class='ocrx_word' id='word_1_197' title='bbox 136 2722 439 2777; x_wconf 85' lang='lat' dir='ltr'>punctatus,</span> <span class='ocrx_word' id='word_1_198' title='bbox 478 2724 613 2762; x_wconf 89' lang='lat' dir='ltr'>totus</span> <span class='ocrx_word' id='word_1_199' title='bbox 649 2714 824 2779; x_wconf 83' lang='lat' dir='ltr'>niger,</span> <span class='ocrx_word' id='word_1_200' title='bbox 874 2709 1254 2773; x_wconf 83' lang='lat' dir='ltr'>immaculatus,</span> <span class='ocrx_word' id='word_1_201' title='bbox 1306 2712 1444 2777; x_wconf 87' lang='lat' dir='ltr'>pube</span> <span class='ocrx_word' id='word_1_202' title='bbox 1480 2710 1627 2759; x_wconf 89' lang='lat' dir='ltr'>tenui</span> <span class='ocrx_word' id='word_1_203' title='bbox 1663 2710 1765 2760; x_wconf 85' lang='lat' dir='ltr'>de·-</span> 
     </span>
     <span class='ocr_line' id='line_1_33' title="bbox 138 2779 1764 2848; baseline 0.001 -20"><span class='ocrx_word' id='word_1_204' title='bbox 138 2798 308 2846; x_wconf 88' lang='lat' dir='ltr'>pressa</span> <span class='ocrx_word' id='word_1_205' title='bbox 361 2784 551 2831; x_wconf 86' lang='lat' dir='ltr'>cinerea</span> <span class='ocrx_word' id='word_1_206' title='bbox 589 2781 870 2848; x_wconf 86' lang='lat' dir='ltr'>adspersus.</span> <span class='ocrx_word' id='word_1_207' title='bbox 957 2780 1241 2832; x_wconf 81' lang='lat' dir='ltr'>scutellum</span> <span class='ocrx_word' id='word_1_208' title='bbox 1290 2779 1764 2830; x_wconf 84' lang='lat' dir='ltr'>semi-orbiculare</span> 
     </span>
     <span class='ocr_line' id='line_1_34' title="bbox 138 2850 1762 2919; baseline 0 -21"><span class='ocrx_word' id='word_1_209' title='bbox 138 2852 372 2916; x_wconf 81' lang='lat' dir='ltr'>nigrum,</span> <span class='ocrx_word' id='word_1_210' title='bbox 435 2853 592 2902; x_wconf 85' lang='lat' dir='ltr'>dense</span> <span class='ocrx_word' id='word_1_211' title='bbox 642 2853 1178 2919; x_wconf 67' lang='lat' dir='ltr'>albida-pubescens.</span> <span class='ocrx_word' id='word_1_212' title='bbox 1229 2850 1440 2915; x_wconf 82' lang='lat' dir='ltr'>-Elytra</span> <span class='ocrx_word' id='word_1_213' title='bbox 1489 2850 1762 2905; x_wconf 83' lang='lat' dir='ltr'>latitudine</span> 
     </span>
     <span class='ocr_line' id='line_1_35' title="bbox 140 2919 1761 2986; baseline 0.002 -20"><span class='ocrx_word' id='word_1_214' title='bbox 140 2920 296 2968; x_wconf 87' lang='lat' dir='ltr'>medii</span> <span class='ocrx_word' id='word_1_215' title='bbox 332 2921 577 2985; x_wconf 86' lang='lat' dir='ltr'>thoracis,</span> <span class='ocrx_word' id='word_1_216' title='bbox 619 2922 844 2973; x_wconf 89' lang='lat' dir='ltr'>humeris</span> <span class='ocrx_word' id='word_1_217' title='bbox 878 2921 1196 2984; x_wconf 85' lang='lat' dir='ltr'>rotundatis,</span> <span class='ocrx_word' id='word_1_218' title='bbox 1241 2922 1440 2974; x_wconf 79' lang='lat' dir='ltr'>thorace</span> <span class='ocrx_word' id='word_1_219' title='bbox 1476 2922 1570 2971; x_wconf 86' lang='lat' dir='ltr'>vix</span> <span class='ocrx_word' id='word_1_220' title='bbox 1607 2919 1761 2986; x_wconf 88' lang='lat' dir='ltr'>triplo</span> 
     </span>
    </p>
   </div>
   <div class='ocr_carea' id='block_1_7' title="bbox 138 2988 1761 3114">
    <p class='ocr_par' dir='ltr' id='par_1_8' title="bbox 138 2988 1761 3114">
     <span class='ocr_line' id='line_1_36' title="bbox 138 2988 1761 3111; baseline 0 -73"><span class='ocrx_word' id='word_1_221' title='bbox 138 2988 386 3061; x_wconf 79' lang='lat' dir='ltr'>longiora,</span> <span class='ocrx_word' id='word_1_222' title='bbox 427 2993 567 3065; x_wconf 83' lang='lat' dir='ltr'>apice</span> <span class='ocrx_word' id='word_1_223' title='bbox 606 2993 815 3065; x_wconf 80' lang='lat' dir='ltr'>oblique</span> <span class='ocrx_word' id='word_1_224' title='bbox 843 3003 1084 3111; x_wconf 55' lang='lat' dir='ltr'>trungata,</span> <span class='ocrx_word' id='word_1_225' title='bbox 1121 2991 1305 3061; x_wconf 81' lang='lat' dir='ltr'>angulo</span> <span class='ocrx_word' id='word_1_226' title='bbox 1343 2993 1590 3049; x_wconf 80' lang='lat' dir='ltr'>exteriore</span> <span class='ocrx_word' id='word_1_227' title='bbox 1627 2992 1761 3039; x_wconf 81' lang='lat' dir='ltr'>sub-</span> 
     </span>
     <span class='ocr_line' id='line_1_37' title="bbox 1028 3060 1760 3114; baseline -0.01 0"><span class='ocrx_word' id='word_1_228' title='bbox 1028 3079 1058 3114; x_wconf 87' lang='lat'><strong>2</strong></span> <span class='ocrx_word' id='word_1_229' title='bbox 1557 3060 1760 3110; x_wconf 79' lang='lat' dir='ltr'>acumi—</span> 
     </span>
    </p>
   </div>
  </div>
 </body>
</html>
