1905 3330
256 198 376 261 452
668 198 1058 281 Appendix
1103 201 1190 258 ad
1237 201 1303 257 P.
1345 203 1445 258 II.

346 347 612 420 Agonztm
651 344 849 414 triste,
890 344 1027 418 Dej.
1071 346 1194 403 Cat.
1234 353 1297 424 p.
1344 364 1437 404 10.

346 430 655 506 Harpalus
681 428 924 499 vidum,
959 432 1081 486 Ins.
1107 434 1205 488 Sy.
1244 449 1300 486 2.
1329 430 1462 488 155.
1481 428 1585 487 61.
1615 449 1742 488 var.
1768 448 1816 487 c.

347 532 596 610 Habitat
625 553 759 589 cum
784 533 1088 608 prioribus
1114 537 1349 610 passim.

364 632 781 681 Praecedentibus
843 631 994 699 paulo
1052 635 1240 694 minor,
1314 635 1590 700 angustior,
1656 634 1859 682 'thorace

264 702 416 770 paulo
453 701 706 767 longiore,
737 702 839 750 'fere
876 702 1161 763 orbiculato,
1201 705 1463 752 distinctus
1501 705 1715 752 videtur.
1756 703 1861 751 Ca·-

266 783 361 839 put
408 783 458 820 et
504 783 746 819 antennae
792 782 849 818 ut
894 772 944 818 in
996 774 1256 836 prioribus.
1334 771 1546 821 'Thorax
1593 772 1859 822 latitudine
1896 821 1902 824 ,

267 860 440 908 parum
477 842 702 900 brevior,
738 842 898 887 antice
930 845 1285 906 eman-ginatus,
1323 840 1555 890 lateribus
1592 841 1861 906 aequaliter

265 907 846 975 rotundato-ampliatus,
874 911 980 958 basi
1010 910 1168 957 media
1193 921 1459 970 truncatus,
1502 911 1616 959 dein
1654 911 1858 974 oblique

267 982 567 1029 adscendens
613 979 672 1025 ad
708 979 1048 1027 rudimentum
1091 979 1370 1041 obsoietum
1409 979 1578 1044 anguli
1616 979 1859 1042 lateralis3

267 1068 414 1115 supra
437 1051 489 1097 in
513 1049 648 1097 disco
665 1049 826 1096 antico
844 1066 1120 1108 convexus,
1150 1049 1496 1109 nitidissimus,
1531 1048 1734 1114 politus,
1754 1066 1859 1113 po·-

266 1121 387 1170 stice
412 1121 688 1183 depressus,
725 1136 836 1166 cum
866 1119 1012 1166 fovea
1055 1136 1227 1184 magna
1263 1120 1650 1183 sub-punctata
1685 1120 1858 1165 utrin-

268 1208 379 1255 que.
452 1188 623 1252 Elytra
657 1189 762 1235 basi
799 1187 1084 1252 singulatim
1125 1190 1449 1252 emarginata‚
1486 1186 1717 1235 lateribus
1754 1190 1860 1233 mi·-

266 1277 361 1308 nus
400 1276 545 1322 quam
583 1260 636 1305 in
671 1256 876 1320 reliquis
912 1256 1174 1322 ampliata,
1223 1275 1368 1321 supra
1406 1275 1576 1321 parum
1615 1270 1858 1316 convexa,

268 1327 550 1394 regulariter
585 1338 736 1374 tenue
774 1328 964 1385 striata,
1003 1327 1133 1374 striis
1173 1326 1494 1374 subtilissime
1531 1325 1859 1391 punct-alatis,

269 1410 356 1446 aut
385 1398 539 1462 nigra,
576 1407 662 1443 aut
685 1396 1142 1455 aeneo—micantia,
1170 1396 1345 1445 nitida.
1383 1392 1543 1443 Pedes
1568 1397 1620 1443 in
1660 1414 1685 1443 a
1709 1395 1857 1460 nigri.

372 1482 427 1528 In
467 1497 570 1529 var.
609 1479 668 1536 b,
725 1489 1048 1525 antennarum
1097 1480 1292 1543 primus
1325 1478 1558 1527 articul-us
1601 1489 1662 1525 ut
1693 1489 1743 1525 et
1782 1478 1859 1525 ti—

268 1552 379 1600 biae
417 1560 466 1597 et
499 1549 613 1604 tarsi
649 1546 937 1607 dilutiores,
978 1558 1063 1594 aut
1097 1549 1226 1612 picei
1262 1559 1347 1595 aut
1384 1548 1667 1613 ferruginei.

373 1632 428 1680 In
476 1648 580 1680 var.
630 1648 682 1690 c,
730 1630 906 1678 thorax
953 1641 1012 1677 et·
1046 1629 1197 1693 elytra
1245 1641 1329 1678 aut
1377 1631 1727 1695 nigro-aenea
1773 1640 1859 1677 aut

264 1701 484 1752 lucidius
522 1701 1032 1761 virescenti-aenea,
1084 1710 1134 1747 et
1180 1700 1332 1765 pedes
1380 1701 1479 1760 jam
1513 1699 1722 1748 dilutius
1756 1701 1855 1763 jam

264 1771 519 1822 obscufius
555 1769 717 1819 livido
733 1798 760 1808 -
775 1770 987 1818 testacei.

271 1885 378 1943 62.
427 1881 507 1939 Η.
549 1883 1028 1956 marginatus
1074 1900 1132 1957 p.
1173 1878 1320 1943 154.

345 1975 612 2048 Agonum
648 1973 1060 2047 marginatum‚
1101 1969 1237 2044 Dej.
1267 1970 1391 2027 Cat.
1415 1988 1478 2046 p.
1515 1987 1608 2026 1³0.
1640 1971 1854 2025 -St-zcrm.

430 2057 534 2114 Fu.
575 2055 631 2113 5.
677 2075 815 2112 200.
861 2056 954 2112 15.

266 2148 373 2207 65.
403 2146 484 2203 Η.
528 2147 1059 2222 ss—punctatus
1097 2164 1155 2221 p.
1188 2144 1335 2202 156.
1376 2143 1497 2200 dito
1539 2162 1662 2203 var.
1705 2144 1855 2202 Pars

394 2243 452 2298 5.
480 2243 611 2297 add.
636 2262 695 2317 p.
727 2242 885 2315 698..

339 2332 607 2406 Agonum
648 2342 1183 2404 sex-punctatum,
1227 2328 1436 2384 Sturm.
1470 2324 1574 2382 Fa.
1610 2320 1667 2380 5.
1713 2343 1850 2383 202.

430 2410 523 2472 14.
580 2408 720 2486 Dej.
766 2415 889 2471 Cat.
922 2434 980 2488 p.
1031 2432 1122 2470 10.

339 2503 487 2570 ,Van
518 2507 592 2578 d,
643 2507 822 2562 etiam
864 2505 1048 2580 duplo
1070 2501 1305 2575 minor,
1351 2514 1530 2575 supra
1556 2506 1715 2555 totus
1743 2501 1846 2556 ni-

423 2620 562 2675 ger,
604 2596 815 2657 subtus
846 2586 1165 2658 virescens,

336 2690 586 2751 Habitat
620 2716 757 2757 cum
780 2695 1077 2770 prioribus
1104 2712 1238 2747 raro
1256 2713 1272 2766 3
1302 2691 1365 2745 in
1396 2686 1841 2748 Vermelandia.

414 2784 597 2848 Dom.
630 2781 1022 2866 splellerborg.
1055 2778 1220 2845 Μιιε.
1252 2781 1434 2866 ⁴Dom.
1460 2783 1842 2853 Sclzbnherm

415 2882 479 2937 in
514 2883 570 2939 V
572 2883 934 2958 estrogothia
962 2883 1121 2959 Ipse.
1532 2864 1538 2871 ⁴

348 2962 475 3018 obs.
535 2967 651 3018 Var.
691 2988 747 3030 c,
785 2980 836 3017 et
870 2968 930 3028 d,
983 2970 1212 3035 Agono
1260 2964 1495 3013 ericeti
1556 2962 1740 3011 Sturm.
1791 2972 1841 3009 et

239 3031 444 3088 Panzer.
483 3040 742 3106 proximae
775 3038 1025 3091 videntur.
1073 3033 1245 3101 Variat
1272 3034 1418 3085 etiam
1452 3032 1624 3098 elytris
1656 3030 1842 3149 vigeli—

1753 3116 1830 3161 us,
